Details,Posting Date,Description,Amount,Type,Balance,Check or Slip #
DEBIT,05/18/2026,"POS DEBIT                AMAZON MKTPLACE PMTS      AMZN.COM/BIL WA                                                                                                                                                                                                                                                                        0647",-14.62,MISC_DEBIT, ,,
DEBIT,05/18/2026,"POS DEBIT                AMAZON MKTPLACE PMTS      AMZN.COM/BIL WA                                                                                                                                                                                                                                                                        0647",-42.39,MISC_DEBIT, ,,
DEBIT,05/18/2026,"POS DEBIT                AMAZON MKTPLACE PMTS      AMZN.COM/BIL WA                                                                                                                                                                                                                                                                        0647",-40.28,MISC_DEBIT, ,,
DEBIT,05/18/2026,"POS DEBIT                AMAZON.COM                AMZN.COM/BIL WA                                                                                                                                                                                                                                                                        0647",-2.98,MISC_DEBIT, ,,
DEBIT,05/18/2026,"POS DEBIT                APPLE.COM/BILL            866-712-7753 CA                                                                                                                                                                                                                                                                        4726",-40.62,MISC_DEBIT, ,,
CREDIT,05/18/2026,"ONLINE TRANSFER FROM SAV ...9301 TRANSACTION#: 29243403807",2000.00,ACCT_XFER, ,,
DEBIT,05/16/2026,"POS DEBIT                UBER * EATS PENDING      San Francisc  CA                                                                                                                                                                                                                                                                        4726",-70.20,MISC_DEBIT, ,,
DEBIT,05/16/2026,"POS DEBIT                COSTCO RX #0332          PITTSBURGH    PA",-8.87,MISC_DEBIT, ,,
CREDIT,05/18/2026,"ONLINE TRANSFER FROM GMR ...3259 TRANSACTION#: 29240827107",45.00,ACCT_XFER, ,,
DEBIT,05/15/2026,"Online Transfer to GMR ...3259 transaction#: 29237807240 05/15",-60.00,ACCT_XFER,3663.85,,
DEBIT,05/15/2026,"NEWREZ-SHELLPOIN ACH PMT                    PPD ID: 6371542226",-2099.91,ACH_DEBIT,3723.85,,
DEBIT,05/15/2026,"Online Transfer to GMR ...3259 transaction#: 29235153467 05/15",-10.00,ACCT_XFER,5823.76,,
DEBIT,05/15/2026,"PAYPAL           PURCHASE   STEAM GAMES     WEB ID: PAYPALSI77",-26.74,ACH_DEBIT,5833.76,,
DEBIT,05/15/2026,"CANON HILL VETERINARY 724-7460128 PA         05/14",-90.00,DEBIT_CARD,5860.50,,
DEBIT,05/14/2026,"Online Transfer to CHK ...5269 transaction#: 29217772395 05/14",-60.00,ACCT_XFER,5950.50,,
DEBIT,05/14/2026,"Online Transfer to GMR ...3259 transaction#: 29216563912 05/14",-10.00,ACCT_XFER,6010.50,,
DEBIT,05/14/2026,"SHANTI BLISS WELLNES WWW.SHANTIBLI PA        05/14",-20.00,DEBIT_CARD,6020.50,,
DEBIT,05/14/2026,"Online Transfer to GMR ...3259 transaction#: 29210268462 05/14",-10.00,ACCT_XFER,6040.50,,
DEBIT,05/14/2026,"APPLE.COM/BILL 866-712-7753 CA               05/14",-7.48,DEBIT_CARD,6050.50,,
DEBIT,05/14/2026,"APPLE.COM/BILL 866-712-7753 CA               05/14",-21.04,DEBIT_CARD,6057.98,,
DEBIT,05/14/2026,"AMFAM INSURANCE PX7 800-535-2001 WI          05/13",-321.80,DEBIT_CARD,6079.02,,
DEBIT,05/13/2026,"Online Payment 28806962820 To Washington Financial Bank 05/13",-6345.06,BILLPAY,6400.82,,
DEBIT,05/13/2026,"GOOGLE *YouTubePremi g.co/helppay# CA        05/12",-24.60,DEBIT_CARD,12745.88,,
DEBIT,05/13/2026,"APPLE.COM/BILL 866-712-7753 CA               05/12",-3.20,DEBIT_CARD,12770.48,,
DEBIT,05/13/2026,"PITTSBURGH MOBILE VE WWW.PGHMOBILE PA        05/12",-631.46,DEBIT_CARD,12773.68,,
DEBIT,05/13/2026,"AMAZON MKTPL*BF0LU8X Amzn.com/bill WA        05/12",-25.91,DEBIT_CARD,13405.14,,
DEBIT,05/13/2026,"BEINHAUER FAMILY SERVI 724-9690200 PA        05/12",-231.00,DEBIT_CARD,13431.05,,
DEBIT,05/13/2026,"Amazon.com*BF2N30V61 Amzn.com/bill WA        05/13",-52.95,DEBIT_CARD,13662.05,,
DEBIT,05/13/2026,"AMAZON MKTPL*BF2SC0G Amzn.com/bill WA        05/12",-29.20,DEBIT_CARD,13715.00,,
DEBIT,05/12/2026,"MICROSOFT*REALMS JAV MICROSOFT.COM WA        05/12",-8.55,DEBIT_CARD,13744.20,,
DEBIT,05/12/2026,"MICROSOFT*REALMS JAVA REDMOND WA             05/12",-8.55,DEBIT_CARD,13752.75,,
DEBIT,05/12/2026,"Kindle Svcs*BV5Q49MD0 888-802-3080 WA        05/12",-7.41,DEBIT_CARD,13761.30,,
DEBIT,05/12/2026,"CAREMARK MAIL 888-892-7227 IL                05/11",-1.78,DEBIT_CARD,13768.71,,
DEBIT,05/12/2026,"DNH*GODADDY 480-505-8855 AZ                  05/11",-52.98,DEBIT_CARD,13770.49,,
DEBIT,05/12/2026,"CVS/PHARMACY #03999 CARNEGIE PA              05/11",-6.90,DEBIT_CARD,13823.47,,
DEBIT,05/11/2026,"PAYPAL           PURCHASE   STEAM GAMES     WEB ID: PAYPALSI77",-26.74,ACH_DEBIT,13830.37,,
DEBIT,05/11/2026,"COSTCO WHSE #0332 PITTSBURGH PA      910424  05/11",-312.32,DEBIT_CARD,13857.11,,
DEBIT,05/11/2026,"COSTCO WHSE #0332 PITTSBURGH PA      199358  05/11",-10.24,DEBIT_CARD,14169.43,,
DEBIT,05/11/2026,"PAYPAL           INST XFER  TACKOFDAY       WEB ID: PAYPALSI77",-119.77,ACH_DEBIT,14179.67,,
DEBIT,05/11/2026,"Online Transfer to GMR ...3259 transaction#: 29173666385 05/11",-25.00,ACCT_XFER,14299.44,,
DEBIT,05/11/2026,"Online Transfer to  CHK ...1108 transaction#: 29083508574 05/11",-40.00,ACCT_XFER,14324.44,,
DEBIT,05/11/2026,"Online Transfer to  CHK ...5269 transaction#: 29083768481 05/11",-25.00,ACCT_XFER,14364.44,,
DEBIT,05/11/2026,"CONNECTED HEALTH WWW.CONNECTED PA            05/11",-240.00,DEBIT_CARD,14389.44,,
DEBIT,05/11/2026,"Amazon.com*BX0LW94J3 Amzn.com/bill WA        05/11",-65.84,DEBIT_CARD,14629.44,,
DEBIT,05/11/2026,"UBER * EATS PENDING SAN FRANCISCO CA         05/10",-71.75,DEBIT_CARD,14695.28,,
DEBIT,05/11/2026,"UBER * EATS PENDING SAN FRANCISCO CA         05/10",-118.18,DEBIT_CARD,14767.03,,
DEBIT,05/11/2026,"AMAZON MKTPL*6W9WC8K Amzn.com/bill WA        05/10",-36.03,DEBIT_CARD,14885.21,,
DEBIT,05/11/2026,"MARKET DISTRICT #0014 BETHEL PARK PA         05/10",-118.47,DEBIT_CARD,14921.24,,
DEBIT,05/11/2026,"TROPICAL SMOOTHIE CAFE 312-5432155 PA        05/10",-24.14,DEBIT_CARD,15039.71,,
DEBIT,05/11/2026,"APPLE.COM/BILL 866-712-7753 CA               05/10",-5.34,DEBIT_CARD,15063.85,,
DEBIT,05/11/2026,"NON-CHASE ATM WITHDRAW               108200  05/091155 WASH",-103.75,ATM,15069.19,,
DEBIT,05/11/2026,"Online Transfer to SAV ...1215 transaction#: 29158075745 05/11",-25.00,ACCT_XFER,15172.94,,
DEBIT,05/11/2026,"Online Transfer to CHK ...1108 transaction#: 29158066672 05/11",-25.00,ACCT_XFER,15197.94,,
DEBIT,05/11/2026,"DUNKIN #356242 412-321-0313 PA               05/09",-4.34,DEBIT_CARD,15222.94,,
DEBIT,05/11/2026,"PAYPAL           INST XFER  PYPL PAYIN4     WEB ID: PAYPALSI88",-45.83,ACH_DEBIT,15227.28,,
DEBIT,05/11/2026,"CHEWY.COM 786-320-7111 FL                    05/09",-59.96,DEBIT_CARD,15273.11,,
DEBIT,05/11/2026,"AMAZON MKTPL*BV7GD69 Amzn.com/bill WA        05/09",-17.95,DEBIT_CARD,15333.07,,
DEBIT,05/11/2026,"BJ'S FUEL #9388 BRIDGEVILLE PA               05/08",-129.47,DEBIT_CARD,15351.02,,
DEBIT,05/11/2026,"QDI QUEST DIAGNOSTICS 866-697-8378 CT        05/09",-38.46,DEBIT_CARD,15480.49,,
CREDIT,05/11/2026,"Online Transfer from CHK ...4072 transaction#: 29172102410",119.00,ACCT_XFER,15518.95,,
DEBIT,05/08/2026,"PAYPAL           PURCHASE   PATREON  MEMBER WEB ID: PAYPALSI77",-8.46,ACH_DEBIT,15399.95,,
DEBIT,05/08/2026,"Online Transfer to GMR ...3259 transaction#: 29148781167 05/08",-20.00,ACCT_XFER,15408.41,,
DEBIT,05/08/2026,"COMCAST-XFINITY  CABLE SVCS                 PPD ID: 0000213249",-40.00,ACH_DEBIT,15428.41,,
DEBIT,05/08/2026,"SOLAR SERVICING  SURE PAY                   PPD ID: CSCSM67178",-220.80,ACH_DEBIT,15468.41,,
DEBIT,05/08/2026,"BMWFINANCIAL SVS BMWFS PYMT                 PPD ID: 1222568977",-760.30,ACH_DEBIT,15689.21,,
DEBIT,05/08/2026,"PROGRESSIVE INSU   CE 855-758-0630 OH        05/08",-1680.00,DEBIT_CARD,16449.51,,
DEBIT,05/08/2026,"CONNECTED HEALTH PHARM 724-9334320 PA        05/07",-69.39,DEBIT_CARD,18129.51,,
DEBIT,05/08/2026,"AMAZON MKTPL*BJ88K9W Amzn.com/bill WA        05/08",-42.04,DEBIT_CARD,18198.90,,
CREDIT,05/08/2026,"GOOGLE LLC       PAYROLL                    PPD ID: J770493581",86.81,ACH_CREDIT,18240.94,,
CREDIT,05/08/2026,"GOOGLE LLC       PAYROLL                    PPD ID: J770493581",4435.71,ACH_CREDIT,18154.13,,
DEBIT,05/07/2026,"PAYPAL           PURCHASE   CHICKS SADD     WEB ID: PAYPALSI77",-47.04,ACH_DEBIT,13718.42,,
DEBIT,05/07/2026,"Online Transfer to GMR ...3259 transaction#: 29130442441 05/07",-20.00,ACCT_XFER,13765.46,,
DEBIT,05/07/2026,"GIANT EAGLE #1241 BRIDGEVILLE PA             05/07",-41.72,DEBIT_CARD,13785.46,,
DEBIT,05/07/2026,"Online Transfer to CHK ...5269 transaction#: 29127817401 05/07",-50.00,ACCT_XFER,13827.18,,
DEBIT,05/07/2026,"VENMO *Giovanni Romeo New York NY            05/07",-615.00,DEBIT_CARD,13877.18,,
DEBIT,05/07/2026,"GM Financial     GMF Pymt                   PPD ID: I522190781",-1487.10,ACH_DEBIT,14492.18,,
DEBIT,05/07/2026,"GIANT EAGLE #1241 BRIDGEVILLE PA             05/06",-360.18,DEBIT_CARD,15979.28,,
DEBIT,05/07/2026,"CANON HILL VETERINARY 724-7460128 PA         05/06",-90.00,DEBIT_CARD,16339.46,,
DEBIT,05/07/2026,"AMAZON MKTPL*BJ9WK0K Amzn.com/bill WA        05/06",-15.04,DEBIT_CARD,16429.46,,
DEBIT,05/07/2026,"AMAZON MKTPL*BV8C49G Amzn.com/bill WA        05/07",-20.32,DEBIT_CARD,16444.50,,
DEBIT,05/07/2026,"AMAZON MKTPL*BV1VK8P Amzn.com/bill WA        05/07",-49.36,DEBIT_CARD,16464.82,,
DEBIT,05/06/2026,"Online Transfer to CHK ...1108 transaction#: 29116774085 05/06",-20.00,ACCT_XFER,16514.18,,
DEBIT,05/06/2026,"PAYPAL           INST XFER  EB SACRED SPACE WEB ID: PAYPALSI77",-50.00,ACH_DEBIT,16534.18,,
DEBIT,05/06/2026,"NON-CHASE ATM WITHDRAW               361850  05/06160 MILLE",-83.50,ATM,16584.18,,
DEBIT,05/06/2026,"Online Transfer to  SAV ...8999 transaction#: 28721313332",-200.00,ACCT_XFER,16667.68,,
DEBIT,05/06/2026,"Online Transfer to  SAV ...5337 transaction#: 28721294108",-200.00,ACCT_XFER,16867.68,,
DEBIT,05/06/2026,"Online Transfer to  SAV ...5329 transaction#: 28721331055",-200.00,ACCT_XFER,17067.68,,
DEBIT,05/06/2026,"APPLE.COM/BILL 866-712-7753 CA               05/06",-36.35,DEBIT_CARD,17267.68,,
DEBIT,05/06/2026,"TROPICAL SMOOTHIE CAFE 240-3205530 VA        05/05",-38.78,DEBIT_CARD,17304.03,,
DEBIT,05/06/2026,"CANON HILL VETERINARY 724-7460128 PA         05/05",-583.00,DEBIT_CARD,17342.81,,
DEBIT,05/06/2026,"AMAZON MKTPL*BJ8AN9Q Amzn.com/bill WA        05/06",-7.41,DEBIT_CARD,17925.81,,
DEBIT,05/06/2026,"PITTSBURGH MOBILE VE WWW.PGHMOBILE PA        05/05",-415.35,DEBIT_CARD,17933.22,,
DEBIT,05/06/2026,"AMAZON MKTPL*BF45Z2Z Amzn.com/bill WA        05/06",-24.38,DEBIT_CARD,18348.57,,
DEBIT,05/06/2026,"Amazon.com*BJ2XK2HC0 Amzn.com/bill WA        05/05",-30.72,DEBIT_CARD,18372.95,,
DEBIT,05/06/2026,"Amazon.com*BV09S6NI1 Amzn.com/bill WA        05/05",-31.72,DEBIT_CARD,18403.67,,
CREDIT,05/06/2026,"Online Transfer from CHK ...0459 transaction#: 29110345453",35.00,ACCT_XFER,18435.39,,
DEBIT,05/05/2026,"Online Transfer to CHK ...1108 transaction#: 29106641602 05/05",-20.00,ACCT_XFER,18400.39,,
DEBIT,05/05/2026,"SHANTI BLISS WELLNES WWW.SHANTIBLI PA        05/05",-20.00,DEBIT_CARD,18420.39,,
DEBIT,05/05/2026,"Online Transfer to CHK ...0459 transaction#: 29098691815 05/05",-340.00,ACCT_XFER,18440.39,,
DEBIT,05/05/2026,"Online Transfer to SAV ...9301 transaction#: 29098676291 05/05",-4000.00,ACCT_XFER,18780.39,,
DEBIT,05/05/2026,"JFI*PREMIER MARTIAL AR justifi.ai PA         05/05",-194.00,DEBIT_CARD,22780.39,,
DEBIT,05/05/2026,"Online Transfer to  CHK ...0459 transaction#: 28684683368 05/05",-500.00,ACCT_XFER,22974.39,,
DEBIT,05/05/2026,"Online Transfer to  CHK ...4072 transaction#: 28683916387 05/05",-500.00,ACCT_XFER,23474.39,,
DEBIT,05/05/2026,"Online Payment 28681430336 To Northwest 05/05",-200.00,BILLPAY,23974.39,,
DEBIT,05/05/2026,"Amazon.com*BV5Z48401 Amzn.com/bill WA        05/05",-93.09,DEBIT_CARD,24174.39,,
DEBIT,05/05/2026,"SP FRESH CLEAN THREA FRESHCLEANTEE CA        05/04",-230.00,DEBIT_CARD,24267.48,,
DEBIT,05/05/2026,"AMAZON MKTPL*BJ5PL5V Amzn.com/bill WA        05/05",-56.38,DEBIT_CARD,24497.48,,
DEBIT,05/05/2026,"MARKET DISTRICT #0014 800-553-2324 PA        05/04",-325.37,DEBIT_CARD,24553.86,,
DEBIT,05/05/2026,"AMAZON MKTPL*BV1NV2O Amzn.com/bill WA        05/05",-50.35,DEBIT_CARD,24879.23,,
DEBIT,05/04/2026,"DOMESTIC INCOMING WIRE FEE",-15.00,FEE_TRANSACTION,24929.58,,
DEBIT,05/04/2026,"PAYPAL           INST XFER  ACAD EXCEL ACAD WEB ID: PAYPALSI77",-40.00,ACH_DEBIT,24944.58,,
DEBIT,05/04/2026,"Online Transfer to GMR ...3259 transaction#: 29082662447 05/04",-25.00,ACCT_XFER,24984.58,,
DEBIT,05/04/2026,"Online Transfer to  CHK ...1108 transaction#: 28983219753 05/04",-40.00,ACCT_XFER,25009.58,,
DEBIT,05/04/2026,"Online Transfer to  CHK ...5269 transaction#: 28982825673 05/04",-25.00,ACCT_XFER,25049.58,,
DEBIT,05/04/2026,"PAYPAL           PURCHASE   STEAM GAMES     WEB ID: PAYPALSI77",-80.24,ACH_DEBIT,25074.58,,
DEBIT,05/04/2026,"Online Transfer to CHK ...1108 transaction#: 29079302646 05/04",-15.39,ACCT_XFER,25154.82,,
DEBIT,05/04/2026,"AMAZON MKTPL*BJ1MI6J Amzn.com/bill WA        05/03",-15.88,DEBIT_CARD,25170.21,,
DEBIT,05/04/2026,"DNH*GODADDY 480-505-8855 AZ                  05/03",-499.99,DEBIT_CARD,25186.09,,
DEBIT,05/04/2026,"AMAZON MKTPL*BJ6M52T Amzn.com/bill WA        05/03",-21.19,DEBIT_CARD,25686.08,,
DEBIT,05/04/2026,"Amazon.com*BV78S6K52 Amzn.com/bill WA        05/03",-18.45,DEBIT_CARD,25707.27,,
DEBIT,05/04/2026,"Amazon.com*BJ0IM2KT1 Amzn.com/bill WA        05/03",-1.99,DEBIT_CARD,25725.72,,
DEBIT,05/04/2026,"AMAZON MKTPL*BJ67896 Amzn.com/bill WA        05/02",-29.99,DEBIT_CARD,25727.71,,
DEBIT,05/04/2026,"AMAZON MKTPL*BV7XT82 Amzn.com/bill WA        05/03",-42.39,DEBIT_CARD,25757.70,,
DEBIT,05/04/2026,"AMAZON MKTPL*BJ7K456 Amzn.com/bill WA        05/03",-49.61,DEBIT_CARD,25800.09,,
DEBIT,05/04/2026,"TROPICAL SMOOTHIE CAFE 240-3205530 PA        05/02",-30.48,DEBIT_CARD,25849.70,,
DEBIT,05/04/2026,"PARKING IN PITTSBURGH 3 PITTSBURGH PA        05/02",-2.50,DEBIT_CARD,25880.18,,
DEBIT,05/04/2026,"IPHONE CITIZ*PMT 19 OF 888-2016306 CT        05/02",-62.41,DEBIT_CARD,25882.68,,
DEBIT,05/04/2026,"VERIZON*RECURRING PAY 800-VERIZON FL         05/02",-89.99,DEBIT_CARD,25945.09,,
CREDIT,05/04/2026,"Online Transfer from SAV ...9301 transaction#: 29074882971",2000.00,ACCT_XFER,26035.08,,
CREDIT,05/04/2026,"FEDWIRE CREDIT VIA: WELLS FARGO BANK, N.A./121000248 B/O: 1/ADAM BURSEY 3/US/BRIDGEVILLE,15017 2079,PA REF: CHASE NYC/CTR/BNF=ANN BURSEY OR ADAM DREW BURSEY BRIDGEVILLE PA 15017- 2079 US/AC-000009760616 RFB=NOTPROV IDED BBI=/CHGS/USD0,00/CHGS/USD0,00/ACC/9 76061674765 1/ADAM BURSEY 2/CELEBRA TION CIRCLE,1 IMAD: 0504I1B7033R007417 TRN: 0344101124FF",22510.60,WIRE_INCOMING,24035.08,,
DEBIT,05/01/2026,"PAYPAL           PURCHASE   SPOTIFY*P420362 WEB ID: PAYPALSI77",-23.53,ACH_DEBIT,1524.48,,
DEBIT,05/01/2026,"APPLECARD GSBANK PAYMENT    466580          WEB ID: 9999999999",-162.00,ACH_DEBIT,1548.01,,
DEBIT,05/01/2026,"BJS.COM EXP 800-257-2582 MA                  04/30",-280.25,DEBIT_CARD,1710.01,,
DEBIT,05/01/2026,"TROPICAL SMOOTHIE CAFE BRIDGEVILLE PA        04/30",-17.70,DEBIT_CARD,1990.26,,
DEBIT,05/01/2026,"PITTSBURGH MOBILE VE WWW.PGHMOBILE PA        04/30",-119.00,DEBIT_CARD,2007.96,,
DEBIT,04/30/2026,"ATM WITHDRAWAL                       001896  04/301163 WASH",-1125.00,ATM,2126.96,,
DEBIT,04/30/2026,"APPLE.COM/BILL 866-712-7753 CA               04/30",-39.73,DEBIT_CARD,3251.96,,
DEBIT,04/30/2026,"Online Payment 28648468141 To Northwest 04/30",-200.00,BILLPAY,3291.69,,
DEBIT,04/30/2026,"FirstEnergy      OPCO-ACH                   PPD ID: 1341968288",-294.71,ACH_DEBIT,3491.69,,
DEBIT,04/30/2026,"APPLE.COM/BILL 866-712-7753 CA               04/30",-29.99,DEBIT_CARD,3786.40,,
DEBIT,04/30/2026,"UBER   *EATS HELP.UBER.COM CA                04/30",-190.06,DEBIT_CARD,3816.39,,
DEBIT,04/30/2026,"UPMC PHYSICIANS 888-647-9600 PA              04/30",-30.00,DEBIT_CARD,4006.45,,
DEBIT,04/29/2026,"PAYPAL           PURCHASE   STEAM GAMES     WEB ID: PAYPALSI77",-10.69,ACH_DEBIT,4036.45,,
DEBIT,04/29/2026,"SHANTI BLISS WELLNES WWW.SHANTIBLI PA        04/29",-20.00,DEBIT_CARD,4047.14,,
DEBIT,04/29/2026,"PENNSYLVANIA-AME PAYMENT                    PPD ID: 7251008096",-155.50,ACH_DEBIT,4067.14,,
DEBIT,04/29/2026,"AMAZON MKTPL*BJ1KZ4F Amzn.com/bill WA        04/29",-79.48,DEBIT_CARD,4222.64,,
DEBIT,04/28/2026,"CONNECTED HEALTH WWW.CONNECTED PA            04/28",-199.00,DEBIT_CARD,4302.12,,
DEBIT,04/28/2026,"SOUTH FAYETTE MA PAYMENTS   0001006617.2    WEB ID: 1251250775",-138.84,ACH_DEBIT,4501.12,,
DEBIT,04/28/2026,"APPLE.COM/BILL 866-712-7753 CA               04/28",-8.55,DEBIT_CARD,4639.96,,
DEBIT,04/28/2026,"SINCERELY YOGURT BRIDG BRIDGEVILLE PA        04/27",-13.23,DEBIT_CARD,4648.51,,
DEBIT,04/28/2026,"PEACE OF MIND PSYCHIAT 412-3197866 PA        04/27",-20.00,DEBIT_CARD,4661.74,,
DEBIT,04/28/2026,"TROPICAL SMOOTHIE CAFE BRIDGEVILLE PA        04/27",-33.68,DEBIT_CARD,4681.74,,
DEBIT,04/28/2026,"PITTSBURGH MOBILE VE WWW.PGHMOBILE PA        04/27",-78.00,DEBIT_CARD,4715.42,,
DEBIT,04/27/2026,"Online Transfer to GMR ...3259 transaction#: 28988060915 04/27",-5.00,ACCT_XFER,4793.42,,
DEBIT,04/27/2026,"GOOGLE *Google One g.co/helppay# CA          04/27",-21.39,DEBIT_CARD,4798.42,,
DEBIT,04/27/2026,"Online Transfer to GMR ...3259 transaction#: 28982187154 04/27",-25.00,ACCT_XFER,4819.81,,
DEBIT,04/27/2026,"Online Transfer to  CHK ...5269 transaction#: 28897922743 04/27",-25.00,ACCT_XFER,4844.81,,
DEBIT,04/27/2026,"Online Transfer to  CHK ...1108 transaction#: 28898197291 04/27",-40.00,ACCT_XFER,4869.81,,
DEBIT,04/27/2026,"Online Transfer to GMR ...3259 transaction#: 28976654458 04/27",-40.00,ACCT_XFER,4909.81,,
DEBIT,04/27/2026,"CVS/PHARMACY #03999 CARNEGIE PA              04/26",-10.00,DEBIT_CARD,4949.81,,
DEBIT,04/27/2026,"Online Transfer to GMR ...3259 transaction#: 28971434956 04/27",-20.00,ACCT_XFER,4959.81,,
DEBIT,04/27/2026,"Online Transfer to GMR ...3259 transaction#: 28968999768 04/27",-30.00,ACCT_XFER,4979.81,,
DEBIT,04/27/2026,"IKEA PITTSBURGH PITTSBURGH PA                04/25",-123.93,DEBIT_CARD,5009.81,,
DEBIT,04/27/2026,"ZIPHEALTH* ZIP ZIPHEALTH.CO FL               04/25",-94.95,DEBIT_CARD,5133.74,,
DEBIT,04/27/2026,"CHEWY.COM 786-320-7111 FL                    04/26",-60.98,DEBIT_CARD,5228.69,,
DEBIT,04/27/2026,"GIANT EAGLE #1241 BRIDGEVILLE PA             04/24",-361.54,DEBIT_CARD,5289.67,,
DEBIT,04/27/2026,"AMAZON MKTPL*BJ9IU4Q Amzn.com/bill WA        04/26",-92.69,DEBIT_CARD,5651.21,,
DEBIT,04/27/2026,"AMAZON MKTPL*BJ97M7V Amzn.com/bill WA        04/24",-54.04,DEBIT_CARD,5743.90,,
DEBIT,04/27/2026,"AMAZON MKTPL*BJ4LT0V Amzn.com/bill WA        04/24",-52.95,DEBIT_CARD,5797.94,,
DEBIT,04/27/2026,"ROBINSON ANIMAL HOSPI MCKEES ROCKS PA        04/23",-32.60,DEBIT_CARD,5850.89,,
DEBIT,04/24/2026,"Online Transfer to SAV ...9301 transaction#: 28950786484 04/24",-260.40,ACCT_XFER,5883.49,,
DEBIT,04/24/2026,"EARNEST NRI MO   AUTOPAY                    PPD ID: H431261525",-753.49,ACH_DEBIT,6143.89,,
DEBIT,04/24/2026,"COSTCO WHSE #0332 PITTSBURGH PA              04/23",-9.15,DEBIT_CARD,6897.38,,
DEBIT,04/24/2026,"COSTCO WHSE #0332 PITTSBURGH PA              04/23",-98.36,DEBIT_CARD,6906.53,,
DEBIT,04/24/2026,"COSTCO WHSE #0332 PITTSBURGH PA              04/23",-15.76,DEBIT_CARD,7004.89,,
DEBIT,04/24/2026,"BJ'S FUEL #9388 BRIDGEVILLE PA               04/23",-122.09,DEBIT_CARD,7020.65,,
CREDIT,04/24/2026,"GOOGLE LLC       PAYROLL                    PPD ID: J770493581",260.40,ACH_CREDIT,7142.74,,
CREDIT,04/24/2026,"GOOGLE LLC       PAYROLL                    PPD ID: J770493581",4435.71,ACH_CREDIT,6882.34,,
DEBIT,04/23/2026,"PAYPAL           PURCHASE   ETSY INC        WEB ID: PAYPALSI77",-60.36,ACH_DEBIT,2446.63,,
DEBIT,04/23/2026,"PAYPAL           PURCHASE   ADOBE INC ADOBE WEB ID: PAYPALSI77",-42.39,ACH_DEBIT,2506.99,,
DEBIT,04/23/2026,"Online Transfer to CHK ...1108 transaction#: 28933949992 04/23",-40.00,ACCT_XFER,2549.38,,
DEBIT,04/23/2026,"PAYPAL           INST XFER  PYPL PAYIN4     WEB ID: PAYPALSI88",-45.83,ACH_DEBIT,2589.38,,
DEBIT,04/23/2026,"BJS WHOLESALE #388 BRIDGEVILLE PA            04/22",-222.43,DEBIT_CARD,2635.21,,
DEBIT,04/23/2026,"CANON HILL VETERINARY 724-7460128 PA         04/22",-259.00,DEBIT_CARD,2857.64,,
CREDIT,04/22/2026,"INTEREST PAYMENT",0.10,MISC_CREDIT,3116.64,,
DEBIT,04/22/2026,"Amazon.com*BY3MF5YQ1 Amzn.com/bill WA        04/22",-34.15,DEBIT_CARD,3116.54,,
DEBIT,04/22/2026,"TRACTOR SUPPLY   ONLINE PMT 621992233279384 WEB ID: CITICTP",-601.63,ACH_DEBIT,3150.69,,
DEBIT,04/22/2026,"SHANTI BLISS WELLNES WWW.SHANTIBLI PA        04/21",-20.00,DEBIT_CARD,3752.32,,
DEBIT,04/22/2026,"AMAZON MKTPL*BJ5B12Z Amzn.com/bill WA        04/22",-18.33,DEBIT_CARD,3772.32,,
DEBIT,04/22/2026,"AMAZON MKTPL*BY9CI5E Amzn.com/bill WA        04/22",-90.17,DEBIT_CARD,3790.65,,
DEBIT,04/22/2026,"AMAZON MKTPL*BY4EO07 Amzn.com/bill WA        04/21",-27.15,DEBIT_CARD,3880.82,,
DEBIT,04/21/2026,"CHASE CREDIT CRD AUTOPAY                    PPD ID: 4760039224",-80.73,ACH_DEBIT,3907.97,,
DEBIT,04/21/2026,"PEOPLES NATURAL  GAS BILL                   PPD ID: 9849096001",-129.52,ACH_DEBIT,3988.70,,
DEBIT,04/21/2026,"ATT              PAYMENT                    PPD ID: 9864031004",-350.14,MISC_DEBIT,4118.22,,
DEBIT,04/21/2026,"MICROSOFT*PC GAME PA MICROSOFT.COM WA        04/21",-17.64,DEBIT_CARD,4468.36,,
DEBIT,04/21/2026,"Payment to Chase card ending in 8877 04/21",-6327.35,LOAN_PMT,4486.00,,
DEBIT,04/21/2026,"1PASSWORD FAMILIES TORONTO ON                04/20",-51.36,DEBIT_CARD,10813.35,,
DEBIT,04/20/2026,"CVS/PHARMACY #03999 CARNEGIE PA              04/20",-31.06,DEBIT_CARD,10864.71,,
DEBIT,04/20/2026,"PAYPAL           PURCHASE   ABCOUNSELINGNOW WEB ID: PAYPALSI77",-125.00,ACH_DEBIT,10895.77,,
DEBIT,04/20/2026,"Online Transfer to GMR ...3259 transaction#: 28897052130 04/20",-25.00,ACCT_XFER,11020.77,,
DEBIT,04/20/2026,"Online Transfer to  CHK ...1108 transaction#: 28807926794 04/20",-40.00,ACCT_XFER,11045.77,,
DEBIT,04/20/2026,"Online Transfer to  CHK ...5269 transaction#: 28807845972 04/20",-25.00,ACCT_XFER,11085.77,,
DEBIT,04/20/2026,"Amazon.com*BY3PO9C80 Amzn.com/bill WA        04/20",-40.45,DEBIT_CARD,11110.77,,
DEBIT,04/20/2026,"KRISPY KREME 0365 WASHINGTON PA              04/19",-30.18,DEBIT_CARD,11151.22,,
DEBIT,04/20/2026,"Netflix.com netflix.com CA                   04/19",-26.74,DEBIT_CARD,11181.40,,
DEBIT,04/20/2026,"McDonalds 6822 BRIDGEVILLE PA                04/19",-80.99,DEBIT_CARD,11208.14,,
DEBIT,04/20/2026,"MARKET DISTRICT #0014 800-553-2324 PA        04/18",-137.88,DEBIT_CARD,11289.13,,
DEBIT,04/20/2026,"Online Transfer to GMR ...3259 transaction#: 28880710202 04/20",-125.00,ACCT_XFER,11427.01,,
DEBIT,04/20/2026,"ADVS ED SERV PPD STUDNTLOAN                 PPD ID: 9102001101",-660.76,ACH_DEBIT,11552.01,,
DEBIT,04/20/2026,"APPLE.COM/BILL 866-712-7753 CA               04/18",-13.90,DEBIT_CARD,12212.77,,
DEBIT,04/20/2026,"APPLE.COM/BILL 866-712-7753 CA               04/18",-34.21,DEBIT_CARD,12226.67,,
DEBIT,04/20/2026,"Amazon.com*BY4657481 Amzn.com/bill WA        04/17",-31.98,DEBIT_CARD,12260.88,,
CREDIT,04/20/2026,"Online Transfer from CHK ...1108 transaction#: 28902763091",50.00,ACCT_XFER,12292.86,,
CREDIT,04/20/2026,"Online Transfer from SAV ...9301 transaction#: 28906659580",6327.35,ACCT_XFER,12242.86,,
DEBIT,04/17/2026,"Online Transfer to CHK ...1108 transaction#: 28872438050 04/17",-50.00,ACCT_XFER,5915.51,,
DEBIT,04/17/2026,"UBER * EATS PENDING SAN FRANCISCO CA         04/17",-133.58,DEBIT_CARD,5965.51,,
DEBIT,04/17/2026,"CONNECTED HEALTH WWW.CONNECTED PA            04/17",-477.00,DEBIT_CARD,6099.09,,
DEBIT,04/17/2026,"CAREMARK MAIL 888-892-7227 IL                04/16",-50.00,DEBIT_CARD,6576.09,,
DEBIT,04/16/2026,"PAYPAL           PURCHASE   TRADERJACKS     WEB ID: PAYPALSI77",-60.00,ACH_DEBIT,6626.09,,
DEBIT,04/16/2026,"PAYPAL           PURCHASE   TRADERJACKS     WEB ID: PAYPALSI77",-140.00,ACH_DEBIT,6686.09,,
DEBIT,04/16/2026,"SHANTI BLISS WELLNES WWW.SHANTIBLI PA        04/16",-80.00,DEBIT_CARD,6826.09,,
DEBIT,04/16/2026,"CHASE CREDIT CRD AUTOPAY                    PPD ID: 4760039224",-174.00,ACH_DEBIT,6906.09,,
DEBIT,04/15/2026,"VENMO            PAYMENT    1049629640665   WEB ID: 3264681992",-50.00,MISC_DEBIT,7080.09,,
DEBIT,04/15/2026,"NEWREZ-SHELLPOIN ACH PMT                    PPD ID: 6371542226",-2101.13,ACH_DEBIT,7130.09,,
DEBIT,04/15/2026,"SHELL RECHARGE SOLUTI 855-900-7584 CA        04/15",-7.44,DEBIT_CARD,9231.22,,
DEBIT,04/15/2026,"BJS WHOLESALE #388 BRIDGEVILLE PA            04/14",-317.77,DEBIT_CARD,9238.66,,
DEBIT,04/14/2026,"APPLE.COM/BILL 866-712-7753 CA               04/14",-7.48,DEBIT_CARD,9556.43,,
DEBIT,04/14/2026,"AMFAM INSURANCE PX7 800-535-2001 WI          04/14",-321.80,DEBIT_CARD,9563.91,,
DEBIT,04/14/2026,"APPLE.COM/BILL 866-712-7753 CA               04/14",-21.04,DEBIT_CARD,9885.71,,
DEBIT,04/14/2026,"BJS WHOLESALE #388 BRIDGEVILLE PA            04/13",-2.14,DEBIT_CARD,9906.75,,
DEBIT,04/14/2026,"BJS WHOLESALE #388 BRIDGEVILLE PA            04/13",-174.79,DEBIT_CARD,9908.89,,
DEBIT,04/14/2026,"PEACE WITHIN THE MIN support@simpl PA        04/13",-20.00,DEBIT_CARD,10083.68,,
DEBIT,04/14/2026,"CANON HILL VETERINARY 724-7460128 PA         04/13",-182.00,DEBIT_CARD,10103.68,,
DEBIT,04/14/2026,"UPMC PHYSICIANS 888-647-9600 PA              04/14",-30.00,DEBIT_CARD,10285.68,,
CREDIT,04/14/2026,"Online Transfer from SAV ...1215 transaction#: 28827267539",239.00,ACCT_XFER,10315.68,,
DEBIT,04/13/2026,"Online Payment 28386366157 To Washington Financial Bank 04/13",-6345.06,BILLPAY,10076.68,,
DEBIT,04/13/2026,"Online Transfer to GMR ...3259 transaction#: 28807136580 04/13",-25.00,ACCT_XFER,16421.74,,
DEBIT,04/13/2026,"Online Transfer to  CHK ...5269 transaction#: 28721388182 04/13",-25.00,ACCT_XFER,16446.74,,
DEBIT,04/13/2026,"Online Transfer to  CHK ...1108 transaction#: 28720917637 04/13",-40.00,ACCT_XFER,16471.74,,
DEBIT,04/13/2026,"Prime Video *BY9SU4QK 888-802-3080 WA        04/12",-18.01,DEBIT_CARD,16511.74,,
DEBIT,04/13/2026,"TEXAS ROADHOUSE #2293 O olo.com PA           04/12",-131.73,DEBIT_CARD,16529.75,,
DEBIT,04/13/2026,"GOOGLE *YouTubePremi g.co/helppay# CA        04/12",-24.60,DEBIT_CARD,16661.48,,
DEBIT,04/13/2026,"SOERGEL GREENHOUSES WEXFORD PA               04/12",-156.29,DEBIT_CARD,16686.08,,
DEBIT,04/13/2026,"APPLE.COM/BILL 866-712-7753 CA               04/12",-3.20,DEBIT_CARD,16842.37,,
DEBIT,04/13/2026,"APPLE.COM/BILL 866-712-7753 CA               04/12",-59.87,DEBIT_CARD,16845.57,,
DEBIT,04/13/2026,"ROSS STORE #2385 BRIDGEVILLE PA              04/12",-21.37,DEBIT_CARD,16905.44,,
DEBIT,04/13/2026,"MICROSOFT*REALMS JAVA REDMOND WA             04/12",-8.55,DEBIT_CARD,16926.81,,
DEBIT,04/13/2026,"MICROSOFT*REALMS JAVA REDMOND WA             04/12",-8.55,DEBIT_CARD,16935.36,,
DEBIT,04/13/2026,"AMAZON MKTPL*B70HI4E Amzn.com/bill WA        04/12",-29.20,DEBIT_CARD,16943.91,,
DEBIT,04/13/2026,"TROPICAL SMOOTHIE CAFE BRIDGEVILLE PA        04/11",-24.45,DEBIT_CARD,16973.11,,
DEBIT,04/13/2026,"GIANT EAGLE #1241 BRIDGEVILLE PA             04/11",-172.99,DEBIT_CARD,16997.56,,
DEBIT,04/13/2026,"BJS WHOLESALE #388 BRIDGEVILLE PA            04/11",-3.73,DEBIT_CARD,17170.55,,
DEBIT,04/13/2026,"BJS WHOLESALE #388 BRIDGEVILLE PA            04/11",-49.65,DEBIT_CARD,17174.28,,
DEBIT,04/13/2026,"AMAZON MKTPL*BC38R7K Amzn.com/bill WA        04/11",-96.34,DEBIT_CARD,17223.93,,
DEBIT,04/13/2026,"DNH*GODADDY 480-505-8855 AZ                  04/11",-52.98,DEBIT_CARD,17320.27,,
DEBIT,04/13/2026,"CONNECTED HEALTH WWW.CONNECTED PA            04/11",-240.00,DEBIT_CARD,17373.25,,
DEBIT,04/13/2026,"CHEWY.COM 786-320-7111 FL                    04/11",-59.96,DEBIT_CARD,17613.25,,
DEBIT,04/10/2026,"COSTCO WHSE #0332 PITTSBURGH PA              04/09",-292.05,DEBIT_CARD,17673.21,,
DEBIT,04/10/2026,"COSTCO WHSE #0332 PITTSBURGH PA              04/09",-34.65,DEBIT_CARD,17965.26,,
CREDIT,04/10/2026,"GOOGLE LLC       PAYROLL                    PPD ID: J770493581",173.60,ACH_CREDIT,17999.91,,
CREDIT,04/10/2026,"GOOGLE LLC       PAYROLL                    PPD ID: J770493581",248.00,ACH_CREDIT,17826.31,,
CREDIT,04/10/2026,"GOOGLE LLC       PAYROLL                    PPD ID: J770493581",4435.71,ACH_CREDIT,17578.31,,
DEBIT,04/10/2026,"Amazon.com Amzn.com/bill WA                  04/10",192.59,DEBIT_CARD,13142.60,,
DEBIT,04/09/2026,"APPLE.COM/BILL 866-712-7753 CA               04/09",-5.34,DEBIT_CARD,12950.01,,
DEBIT,04/09/2026,"FIVE GUYS PA 1798 ECOM BRIDGEVILLE PA        04/08",-103.27,DEBIT_CARD,12955.35,,
DEBIT,04/09/2026,"GIANT EAGLE #1241 BRIDGEVILLE PA             04/08",-180.12,DEBIT_CARD,13058.62,,
DEBIT,04/09/2026,"PEACE OF MIND PSYCHIAT 412-3197866 PA        04/08",-20.00,DEBIT_CARD,13238.74,,
DEBIT,04/08/2026,"PAYPAL           PURCHASE   PATREON  MEMBER WEB ID: PAYPALSI77",-8.46,ACH_DEBIT,13258.74,,
DEBIT,04/08/2026,"COMCAST-XFINITY  CABLE SVCS                 PPD ID: 0000213249",-40.00,ACH_DEBIT,13267.20,,
DEBIT,04/08/2026,"SOLAR SERVICING  SURE PAY                   PPD ID: CSCSM67178",-220.80,ACH_DEBIT,13307.20,,
DEBIT,04/08/2026,"BMWFINANCIAL SVS BMWFS PYMT                 PPD ID: 1222568977",-760.30,ACH_DEBIT,13528.00,,
DEBIT,04/08/2026,"JFI*PREMIER MARTIAL AR justifi.ai PA         04/07",-50.00,DEBIT_CARD,14288.30,,
DEBIT,04/08/2026,"TROPICAL SMOOTHIE CAFE 240-3205530 VA        04/07",-24.36,DEBIT_CARD,14338.30,,
DEBIT,04/08/2026,"CONNECTED HEALTH PHARM 724-9334320 PA        04/07",-52.00,DEBIT_CARD,14362.66,,
DEBIT,04/08/2026,"Amazon.com*B726H6YG2 Amzn.com/bill WA        04/08",-32.42,DEBIT_CARD,14414.66,,
DEBIT,04/08/2026,"Amazon.com*B76BU3YH2 Amzn.com/bill WA        04/08",-27.20,DEBIT_CARD,14447.08,,
DEBIT,04/08/2026,"LOWES #00907* 866-483-7521 NC                04/07",-854.93,DEBIT_CARD,14474.28,,
DEBIT,04/07/2026,"Online Transfer to GMR ...3259 transaction#: 28740426582 04/07",-25.00,ACCT_XFER,15329.21,,
DEBIT,04/07/2026,"GM Financial     GMF Pymt                   PPD ID: I522190781",-1487.10,ACH_DEBIT,15354.21,,
DEBIT,04/07/2026,"PEACE WITHIN THE MIN support@simpl PA        04/06",-20.00,DEBIT_CARD,16841.31,,
DEBIT,04/07/2026,"AMAZON MKTPL*BC5KQ3G Amzn.com/bill WA        04/07",-50.35,DEBIT_CARD,16861.31,,
DEBIT,04/06/2026,"Online Transfer to GMR ...3259 transaction#: 28720354819 04/06",-25.00,ACCT_XFER,16911.66,,
DEBIT,04/06/2026,"Online Transfer to  SAV ...5337 transaction#: 28328124958",-200.00,ACCT_XFER,16936.66,,
DEBIT,04/06/2026,"Online Transfer to  CHK ...1108 transaction#: 28621989448 04/06",-40.00,ACCT_XFER,17136.66,,
DEBIT,04/06/2026,"Online Transfer to  SAV ...5329 transaction#: 28328056726",-200.00,ACCT_XFER,17176.66,,
DEBIT,04/06/2026,"Online Transfer to  SAV ...8999 transaction#: 28328088415",-200.00,ACCT_XFER,17376.66,,
DEBIT,04/06/2026,"Online Transfer to  CHK ...5269 transaction#: 28622362823 04/06",-25.00,ACCT_XFER,17576.66,,
DEBIT,04/06/2026,"Online Transfer to CHK ...1108 transaction#: 28713936358 04/06",-10.75,ACCT_XFER,17601.66,,
DEBIT,04/06/2026,"AMAZON MKTPL*BG1HV4I Amzn.com/bill WA        04/06",-42.14,DEBIT_CARD,17612.41,,
DEBIT,04/06/2026,"AMAZON MKTPL*BC5VY8T Amzn.com/bill WA        04/06",-56.38,DEBIT_CARD,17654.55,,
DEBIT,04/06/2026,"Amazon.com*BC0GN4TW1 Amzn.com/bill WA        04/06",-35.36,DEBIT_CARD,17710.93,,
DEBIT,04/06/2026,"JFI*PREMIER MARTIAL AR justifi.ai PA         04/05",-194.00,DEBIT_CARD,17746.29,,
DEBIT,04/06/2026,"GIANT EAGLE #1241 BRIDGEVILLE PA             04/04",-326.58,DEBIT_CARD,17940.29,,
DEBIT,04/06/2026,"CVS/PHARMACY #03999 CARNEGIE PA              04/04",-57.14,DEBIT_CARD,18266.87,,
DEBIT,04/06/2026,"VISION GARAGE PITTSBURGH PA                  04/04",-6.00,DEBIT_CARD,18324.01,,
DEBIT,04/06/2026,"SQ *PAAR Pittsburgh PA                       04/04",-200.00,DEBIT_CARD,18330.01,,
DEBIT,04/06/2026,"GOMOBILEPGH 2 www.parkmobil PA               04/04",-3.15,DEBIT_CARD,18530.01,,
DEBIT,04/06/2026,"UBER   *EATS HELP.UBER.COM CA                04/04",-207.64,DEBIT_CARD,18533.16,,
CREDIT,04/06/2026,"Online Transfer from CHK ...4072 transaction#: 28723704002",338.00,ACCT_XFER,18740.80,,
DEBIT,04/03/2026,"NON-CHASE ATM WITHDRAW               352364  04/03160 MILLE",-303.50,ATM,18402.80,,
DEBIT,04/03/2026,"Online Payment 28298535833 To Northwest 04/03",-200.00,BILLPAY,18706.30,,
DEBIT,04/03/2026,"Online Transfer to  CHK ...4072 transaction#: 28312853883 04/03",-500.00,ACCT_XFER,18906.30,,
DEBIT,04/03/2026,"Online Transfer to  CHK ...0459 transaction#: 28312972075 04/03",-500.00,ACCT_XFER,19406.30,,
DEBIT,04/03/2026,"GIANT EAGLE #1241 BRIDGEVILLE PA             04/02",-16.50,DEBIT_CARD,19906.30,,
DEBIT,04/03/2026,"APPLE.COM/BILL 866-712-7753 CA               04/02",-10.69,DEBIT_CARD,19922.80,,
DEBIT,04/03/2026,"SQ *GRANDPA JOE'S CANDY Canonsburg PA        04/02",-324.11,DEBIT_CARD,19933.49,,
DEBIT,04/03/2026,"THE BOROUGH OF CANONSBU CANONSBURG PA        04/02",-2.00,DEBIT_CARD,20257.60,,
DEBIT,04/03/2026,"IPHONE CITIZ*PMT 18 OF 888-2016306 CT        04/02",-62.41,DEBIT_CARD,20259.60,,
DEBIT,04/02/2026,"VERIZON*RECURRING PAY 800-VERIZON FL         04/02",-89.99,DEBIT_CARD,20322.01,,
DEBIT,04/02/2026,"BJS WHOLESALE #388 BRIDGEVILLE PA            04/01",-86.78,DEBIT_CARD,20412.00,,
DEBIT,04/02/2026,"APPLE.COM/BILL 866-712-7753 CA               04/02",-5.34,DEBIT_CARD,20498.78,,
DEBIT,04/01/2026,"PAYPAL           PURCHASE   SPOTIFY*P410556 WEB ID: PAYPALSI77",-23.53,ACH_DEBIT,20504.12,,
DEBIT,04/01/2026,"Online Transfer to CHK ...5269 transaction#: 28663794330 04/01",-25.00,ACCT_XFER,20527.65,,
DEBIT,04/01/2026,"GIANT EAGLE #1241 BRIDGEVILLE PA             04/01",-49.90,DEBIT_CARD,20552.65,,
DEBIT,04/01/2026,"Online Payment 28270552624 To Northwest 04/01",-200.00,BILLPAY,20602.55,,
DEBIT,04/01/2026,"FirstEnergy      OPCO-ACH                   PPD ID: 1341968288",-395.85,ACH_DEBIT,20802.55,,
DEBIT,04/01/2026,"GIANT EAGLE #1241 BRIDGEVILLE PA             03/31",-233.92,DEBIT_CARD,21198.40,,
DEBIT,04/01/2026,"MCDONALD'S F6822 BRIDGEVILLE PA              03/31",-45.41,DEBIT_CARD,21432.32,,
DEBIT,04/01/2026,"BJS WHOLESALE #388 BRIDGEVILLE PA            03/31",-394.84,DEBIT_CARD,21477.73,,
DEBIT,04/01/2026,"BJS WHOLESALE #388 BRIDGEVILLE PA            03/31",-99.99,DEBIT_CARD,21872.57,,
DEBIT,03/31/2026,"Online Transfer to CHK ...0459 transaction#: 28645750426 03/31",-340.00,ACCT_XFER,21972.56,,
DEBIT,03/31/2026,"APPLECARD GSBANK PAYMENT    466580          WEB ID: 9999999999",-137.00,ACH_DEBIT,22312.56,,
DEBIT,03/31/2026,"Model Cleaners Plant 724-4899553 PA          03/30",-94.54,DEBIT_CARD,22449.56,,
CREDIT,03/31/2026,"Online Transfer from CHK ...5269 transaction#: 28645922452",320.00,ACCT_XFER,22544.10,,
DEBIT,03/30/2026,"DOMESTIC INCOMING WIRE FEE",-15.00,FEE_TRANSACTION,22224.10,,
DEBIT,03/30/2026,"PAYPAL           INST XFER  EGMEDIAINVE     WEB ID: PAYPALSI77",-29.95,ACH_DEBIT,22239.10,,
DEBIT,03/30/2026,"PAYPAL           INST XFER  ABCOUNSELINGNOW WEB ID: PAYPALSI77",-125.00,ACH_DEBIT,22269.05,,
DEBIT,03/30/2026,"Online Transfer to GMR ...3259 transaction#: 28627820778 03/30",-113.00,ACCT_XFER,22394.05,,
DEBIT,03/30/2026,"PEACE WITHIN THE MIN support@simpl PA        03/30",-20.00,DEBIT_CARD,22507.05,,
DEBIT,03/30/2026,"APPLE.COM/BILL 866-712-7753 CA               03/30",-39.73,DEBIT_CARD,22527.05,,
DEBIT,03/30/2026,"Online Transfer to GMR ...3259 transaction#: 28621389679 03/30",-25.00,ACCT_XFER,22566.78,,
DEBIT,03/30/2026,"Online Transfer to  CHK ...5269 transaction#: 28539832714 03/30",-25.00,ACCT_XFER,22591.78,,
DEBIT,03/30/2026,"Online Transfer to  CHK ...1108 transaction#: 28538092562 03/30",-40.00,ACCT_XFER,22616.78,,
DEBIT,03/30/2026,"APPLE.COM/BILL 866-712-7753 CA               03/30",-29.99,DEBIT_CARD,22656.78,,
DEBIT,03/30/2026,"BJS WHOLESALE #388 BRIDGEVILLE PA            03/29",-186.12,DEBIT_CARD,22686.77,,
DEBIT,03/30/2026,"TRADER JOE S #63 1600 PITTSBURGH PA  557107  03/29",-161.76,DEBIT_CARD,22872.89,,
DEBIT,03/30/2026,"DUNKIN #356242 412-321-0313 PA               03/29",-46.93,DEBIT_CARD,23034.65,,
DEBIT,03/30/2026,"UBER * EATS PENDING SAN FRANCISCO CA         03/28",-37.11,DEBIT_CARD,23081.58,,
DEBIT,03/30/2026,"UPLIFT DESK 800-349-3839 TX                  03/28",-148.73,DEBIT_CARD,23118.69,,
DEBIT,03/30/2026,"LOWE'S #2417 CARNEGIE PA             269824  03/28",-18.17,DEBIT_CARD,23267.42,,
DEBIT,03/30/2026,"FIREBIRDS OF S FAYETTE BRIDGEVILLE PA        03/29",-107.68,DEBIT_CARD,23285.59,,
DEBIT,03/30/2026,"AMAZON MKTPL*B50DF78 Amzn.com/bill WA        03/28",-52.96,DEBIT_CARD,23393.27,,
DEBIT,03/30/2026,"APPLE.COM/BILL 866-712-7753 CA               03/28",-8.55,DEBIT_CARD,23446.23,,
DEBIT,03/30/2026,"CHEWY.COM 786-320-7111 FL                    03/28",-59.96,DEBIT_CARD,23454.78,,
DEBIT,03/30/2026,"Amazon.com*BG95O7CY1 Amzn.com/bill WA        03/28",-340.21,DEBIT_CARD,23514.74,,
DEBIT,03/30/2026,"LJS #70014 https://prod. PA                  03/27",-63.82,DEBIT_CARD,23854.95,,
DEBIT,03/30/2026,"AMAZON MKTPL*B53OL39 Amzn.com/bill WA        03/27",-23.51,DEBIT_CARD,23918.77,,
CREDIT,03/30/2026,"FEDWIRE CREDIT VIA: WELLS FARGO BANK, N.A./121000248 B/O: 1/ADAM BURSEY 3/US/BRIDGEVILLE,15017 2079,PA REF: CHASE NYC/CTR/BNF=ANN BURSEY OR ADAM DREW BURSEY BRIDGEVILLE PA 15017- 2079 US/AC-000009760616 RFB=NOTPROV IDED BBI=/CHGS/USD0,00/CHGS/USD0,00/ACC/9 76061674765 1/ADAM BURSEY 2/CELEBRA TION CIRCLE,1 IMAD: 0330I1B7033R008427 TRN: 0518481089FF",16207.14,WIRE_INCOMING,23942.28,,
DEBIT,03/27/2026,"APPLE.COM/BILL 866-712-7753 CA               03/27",-28.42,DEBIT_CARD,7735.14,,
DEBIT,03/27/2026,"TROPICAL SMOOTHIE CAFE 312-5432155 PA        03/26",-12.50,DEBIT_CARD,7763.56,,
DEBIT,03/27/2026,"CVS/PHARMACY #03999 CARNEGIE PA              03/26",-5.29,DEBIT_CARD,7776.06,,
DEBIT,03/27/2026,"PITTSBURGH MOBILE VE WWW.PGHMOBILE PA        03/26",-472.36,DEBIT_CARD,7781.35,,
DEBIT,03/27/2026,"APPLE.COM/BILL 866-712-7753 CA               03/26",-21.39,DEBIT_CARD,8253.71,,
DEBIT,03/27/2026,"GOOGLE *Google One 855-836-3987 CA           03/27",-26.74,DEBIT_CARD,8275.10,,
CREDIT,03/27/2026,"GOOGLE LLC       PAYROLL                    PPD ID: J770493581",4003.64,ACH_CREDIT,8301.84,,
DEBIT,03/26/2026,"PENNSYLVANIA-AME PAYMENT                    PPD ID: 7251008096",-156.30,ACH_DEBIT,4298.20,,
DEBIT,03/26/2026,"SOUTH FAYETTE MA PAYMENTS   0001006617.2    WEB ID: 1251250775",-164.64,ACH_DEBIT,4454.50,,
DEBIT,03/26/2026,"Amazon.com*B53PM5T10 Amzn.com/bill WA        03/26",-192.59,DEBIT_CARD,4619.14,,
DEBIT,03/26/2026,"DNH*GODADDY 480-505-8855 AZ                  03/25",-42.19,DEBIT_CARD,4811.73,,
DEBIT,03/25/2026,"ATM WITHDRAWAL                       000047  03/251163 WASH",-1095.00,ATM,4853.92,,
CHECK,03/25/2026,"CHECK 1803  ",-169.60,CHECK_PAID,5948.92,1803,
DEBIT,03/25/2026,"BJS WHOLESALE #388 BRIDGEVILLE PA            03/24",-115.91,DEBIT_CARD,6118.52,,
DEBIT,03/25/2026,"AT *HIST SOC W PA 412-454-6000 PA            03/24",-50.00,DEBIT_CARD,6234.43,,
CREDIT,03/25/2026,"Online Transfer from CHK ...5269 transaction#: 28567046191",52.00,ACCT_XFER,6284.43,,
DEBIT,03/24/2026,"PEOPLES NATURAL  GAS BILL                   PPD ID: 9849096001",-213.32,ACH_DEBIT,6232.43,,
DEBIT,03/24/2026,"EARNEST NRI MO   AUTOPAY                    PPD ID: H431261525",-753.49,ACH_DEBIT,6445.75,,
DEBIT,03/24/2026,"PEACE WITHIN THE MIN support@simpl PA        03/23",-20.00,DEBIT_CARD,7199.24,,
DEBIT,03/24/2026,"BJ'S FUEL #9388 BRIDGEVILLE PA               03/23",-100.94,DEBIT_CARD,7219.24,,
DEBIT,03/24/2026,"GIANT EAGLE #1241 BRIDGEVILLE PA             03/23",-402.57,DEBIT_CARD,7320.18,,
DEBIT,03/24/2026,"AMAZON MKTPL*B53O50A Amzn.com/bill WA        03/24",-14.83,DEBIT_CARD,7722.75,,
DEBIT,03/24/2026,"BJS WHOLESALE #388 BRIDGEVILLE PA            03/23",-14.97,DEBIT_CARD,7737.58,,
DEBIT,03/24/2026,"AMAZON MKTPL*BG7UP65 Amzn.com/bill WA        03/24",-120.84,DEBIT_CARD,7752.55,,
CREDIT,03/23/2026,"INTEREST PAYMENT",0.08,MISC_CREDIT,7873.39,,
DEBIT,03/23/2026,"PAYPAL           INST XFER  ADOBE INC ADOBE WEB ID: PAYPALSI77",-42.39,ACH_DEBIT,7873.31,,
DEBIT,03/23/2026,"Online Transfer to CHK ...5269 transaction#: 28540937746 03/23",-125.00,ACCT_XFER,7915.70,,
CHECK,03/23/2026,"CHECK 1805  ",-100.00,CHECK_PAID,8040.70,1805,
CHECK,03/23/2026,"CHECK 1802  ",-100.00,CHECK_PAID,8140.70,1802,
CHECK,03/23/2026,"CHECK 1806  ",-10.00,CHECK_PAID,8240.70,1806,
CHECK,03/23/2026,"CHECK 1808  ",-10.00,CHECK_PAID,8250.70,1808,
CHECK,03/23/2026,"CHECK 1809  ",-13.00,CHECK_PAID,8260.70,1809,
DEBIT,03/23/2026,"Online Transfer to GMR ...3259 transaction#: 28539849082 03/23",-25.00,ACCT_XFER,8273.70,,
DEBIT,03/23/2026,"Online Transfer to CHK ...5269 transaction#: 28539832680 03/23",-25.00,ACCT_XFER,8298.70,,
DEBIT,03/23/2026,"Online Transfer to  CHK ...1108 transaction#: 28452681443 03/23",-40.00,ACCT_XFER,8323.70,,
DEBIT,03/23/2026,"CHASE CREDIT CRD AUTOPAY                    PPD ID: 4760039224",-76.73,ACH_DEBIT,8363.70,,
DEBIT,03/23/2026,"UBER * EATS PENDING SAN FRANCISCO CA         03/22",-242.12,DEBIT_CARD,8440.43,,
DEBIT,03/23/2026,"Online Transfer to SAV ...9301 transaction#: 28531871873 03/23",-20000.00,ACCT_XFER,8682.55,,
DEBIT,03/23/2026,"GOOGLE *DesktopShipp g.co/helppay# CA        03/22",-57.94,DEBIT_CARD,28682.55,,
DEBIT,03/23/2026,"NON-CHASE ATM WITHDRAW               002907  03/224000 VICT",-123.25,ATM,28740.49,,
DEBIT,03/23/2026,"BJS.COM EXP 800-257-2582 MA                  03/22",-88.99,DEBIT_CARD,28863.74,,
DEBIT,03/23/2026,"OFFICE DEPOT #100 BETHEL PARK PA             03/21",-71.33,DEBIT_CARD,28952.73,,
DEBIT,03/23/2026,"ATT              PAYMENT                    PPD ID: 9864031004",-350.19,MISC_DEBIT,29024.06,,
DEBIT,03/23/2026,"TRACTOR SUPPLY   ONLINE PMT 631962641551371 WEB ID: CITICTP",-856.95,ACH_DEBIT,29374.25,,
DEBIT,03/23/2026,"UBER   *EATS HELP.UBER.COM CA                03/21",-181.50,DEBIT_CARD,30231.20,,
DEBIT,03/23/2026,"ROBINSON ANIMAL HOSPI MCKEES ROCKS PA        03/20",-55.40,DEBIT_CARD,30412.70,,
DEBIT,03/23/2026,"DANDYS WORL 646-827-0015 NY                  03/20",-87.74,DEBIT_CARD,30468.10,,
DEBIT,03/23/2026,"Amazon.com*BG9CB1CX2 Amzn.com/bill WA        03/21",-35.36,DEBIT_CARD,30555.84,,
DEBIT,03/23/2026,"AMAZON MKTPL*BD1280X Amzn.com/bill WA        03/21",-56.38,DEBIT_CARD,30591.20,,
CREDIT,03/23/2026,"Online Transfer from CHK ...0459 transaction#: 28540525822",160.00,ACCT_XFER,30647.58,,
DEBIT,03/20/2026,"MICROSOFT*STORE REDMOND WA                   03/21",-17.64,DEBIT_CARD,30487.58,,
DEBIT,03/20/2026,"VENMO *Giovanni Romeo New York NY            03/20",-615.00,DEBIT_CARD,30505.22,,
DEBIT,03/20/2026,"ADVS ED SERV PPD STUDNTLOAN                 PPD ID: 9102001101",-660.76,ACH_DEBIT,31120.22,,
DEBIT,03/20/2026,"AMAZON MKTPL*B57DO7I Amzn.com/bill WA        03/20",-35.11,DEBIT_CARD,31780.98,,
CREDIT,03/20/2026,"GOOGLE LLC       PAYROLL                    PPD ID: J770493581",27710.28,ACH_CREDIT,31816.09,,
DEBIT,03/19/2026,"Netflix.com netflix.com CA                   03/19",-26.74,DEBIT_CARD,4105.81,,
DEBIT,03/19/2026,"GIANT EAGLE #1241 BRIDGEVILLE PA             03/18",-234.40,DEBIT_CARD,4132.55,,
DEBIT,03/19/2026,"PITTSBURGH MOBILE VE WWW.PGHMOBILE PA        03/18",-78.00,DEBIT_CARD,4366.95,,
DEBIT,03/19/2026,"SHANTI BLISS WELLNES WWW.SHANTIBLI PA        03/18",-20.00,DEBIT_CARD,4444.95,,
CREDIT,03/19/2026,"Online Transfer from CHK ...4072 transaction#: 28494618518",27.06,ACCT_XFER,4464.95,,
DEBIT,03/18/2026,"APPLE.COM/BILL 866-712-7753 CA               03/18",-34.21,DEBIT_CARD,4437.89,,
DEBIT,03/17/2026,"CONNECTED HEALTH WWW.CONNECTED PA            03/17",-477.00,DEBIT_CARD,4472.10,,
DEBIT,03/17/2026,"Pet Supplies Plus 0226 Bridgeville PA        03/16",-118.04,DEBIT_CARD,4949.10,,
DEBIT,03/17/2026,"APPLE.COM/BILL 866-712-7753 CA               03/16",-10.69,DEBIT_CARD,5067.14,,
DEBIT,03/17/2026,"CAREMARK MAIL 888-892-7227 IL                03/16",-68.11,DEBIT_CARD,5077.83,,
DEBIT,03/17/2026,"ST CLAIR ORTHOPEDIC ASS PITTSBURGH PA        03/16",-30.00,DEBIT_CARD,5145.94,,
DEBIT,03/17/2026,"Model Cleaners Plant 724-4899553 PA          03/16",-77.27,DEBIT_CARD,5175.94,,
CREDIT,03/17/2026,"Online Transfer from SAV ...9301 transaction#: 28468176523",4000.00,ACCT_XFER,5253.21,,
DEBIT,03/16/2026,"PAYPAL           INST XFER  TRADERJACKS     WEB ID: PAYPALSI77",-60.00,ACH_DEBIT,1253.21,,
DEBIT,03/16/2026,"PAYPAL           INST XFER  TRADERJACKS     WEB ID: PAYPALSI77",-140.00,ACH_DEBIT,1313.21,,
DEBIT,03/16/2026,"NEWREZ-SHELLPOIN ACH PMT                    PPD ID: 6371542226",-2100.57,ACH_DEBIT,1453.21,,
DEBIT,03/16/2026,"PEACE WITHIN THE MIN support@simpl PA        03/16",-20.00,DEBIT_CARD,3553.78,,
DEBIT,03/16/2026,"CHASE CREDIT CRD AUTOPAY                    PPD ID: 4760039224",-193.00,ACH_DEBIT,3573.78,,
DEBIT,03/16/2026,"Online Transfer to  CHK ...1108 transaction#: 28363633915 03/16",-40.00,ACCT_XFER,3766.78,,
DEBIT,03/16/2026,"GIANT EAGLE #1241 BRIDGEVILLE PA             03/15",-85.85,DEBIT_CARD,3806.78,,
DEBIT,03/16/2026,"APPLE.COM/BILL 866-712-7753 CA               03/15",-26.73,DEBIT_CARD,3892.63,,
DEBIT,03/16/2026,"CHEWY.COM 786-320-7111 FL                    03/15",-59.96,DEBIT_CARD,3919.36,,
DEBIT,03/16/2026,"APPLE.COM/BILL 866-712-7753 CA               03/14",-21.04,DEBIT_CARD,3979.32,,
DEBIT,03/16/2026,"LOWES #01200* PITTSBURGH PA                  03/13",-272.00,DEBIT_CARD,4000.36,,
DEBIT,03/16/2026,"COSTCO WHSE #0332 PITTSBURGH PA              03/13",-2.97,DEBIT_CARD,4272.36,,
DEBIT,03/16/2026,"COSTCO WHSE #0332 PITTSBURGH PA              03/13",-200.95,DEBIT_CARD,4275.33,,
DEBIT,03/16/2026,"AMFAM INSURANCE PX7 800-535-2001 WI          03/13",-321.80,DEBIT_CARD,4476.28,,
DEBIT,03/13/2026,"BJS WHOLESALE #3 4000 BRIDGEVILLE PA 363712  03/13",-40.02,DEBIT_CARD,4798.08,,
DEBIT,03/13/2026,"APPLE.COM/BILL 866-712-7753 CA               03/13",-34.23,DEBIT_CARD,4838.10,,
DEBIT,03/13/2026,"BJS WHOLESALE #388 BRIDGEVILLE PA            03/12",-240.15,DEBIT_CARD,4872.33,,
DEBIT,03/13/2026,"PA DRIVER & VEHICLE MICHAPATTE@PA PA         03/12",-283.00,DEBIT_CARD,5112.48,,
DEBIT,03/13/2026,"WM.COM 866-909-4458 TX                       03/12",-13.77,DEBIT_CARD,5395.48,,
DEBIT,03/13/2026,"ECSI HEARTLAND ECSI PA 888-5493274 PA        03/12",-12.30,DEBIT_CARD,5409.25,,
DEBIT,03/13/2026,"GOOGLE *YouTubePremi g.co/helppay# CA        03/12",-24.60,DEBIT_CARD,5421.55,,
DEBIT,03/13/2026,"APPLE.COM/BILL 866-712-7753 CA               03/12",-3.20,DEBIT_CARD,5446.15,,
CREDIT,03/13/2026,"GOOGLE LLC       PAYROLL                    PPD ID: J770493581",398.70,ACH_CREDIT,5449.35,,
CREDIT,03/13/2026,"GOOGLE LLC       PAYROLL                    PPD ID: J770493581",3512.72,ACH_CREDIT,5050.65,,
DEBIT,03/12/2026,"MICROSOFT*REALMS JAVA REDMOND WA             03/12",-8.55,DEBIT_CARD,1537.93,,
DEBIT,03/12/2026,"MICROSOFT*REALMS JAVA REDMOND WA             03/12",-8.55,DEBIT_CARD,1546.48,,
DEBIT,03/12/2026,"APPLE.COM/BILL 866-712-7753 CA               03/11",-10.69,DEBIT_CARD,1555.03,,
DEBIT,03/12/2026,"DNH*GODADDY 480-505-8855 AZ                  03/11",-52.98,DEBIT_CARD,1565.72,,
DEBIT,03/11/2026,"Online Payment 27968852899 To Washington Financial Bank 03/11",-6345.06,BILLPAY,1618.70,,
DEBIT,03/11/2026,"APPLE.COM/BILL 866-712-7753 CA               03/11",-53.49,DEBIT_CARD,7963.76,,
DEBIT,03/11/2026,"CONNECTED HEALTH WWW.CONNECTED PA            03/11",-240.00,DEBIT_CARD,8017.25,,
DEBIT,03/11/2026,"BJ'S FUEL #9388 BRIDGEVILLE PA               03/10",-67.59,DEBIT_CARD,8257.25,,
DEBIT,03/11/2026,"CONNECTED HEALTH PHARM 724-9334320 PA        03/10",-52.00,DEBIT_CARD,8324.84,,
DEBIT,03/10/2026,"SELECTBLINDS, LLC CHANDLER AZ                03/10",-194.83,DEBIT_CARD,8376.84,,
DEBIT,03/10/2026,"PAYPAL           INST XFER  STEAM GAMES     WEB ID: PAYPALSI77",-1.72,ACH_DEBIT,8571.67,,
DEBIT,03/10/2026,"SHANTI BLISS WELLNES WWW.SHANTIBLI PA        03/10",-20.00,DEBIT_CARD,8573.39,,
DEBIT,03/10/2026,"SOLAR SERVICING  SURE PAY                   PPD ID: CSCSM67178",-220.80,ACH_DEBIT,8593.39,,
DEBIT,03/10/2026,"AMAZON MKTPL*BD0OF6L Amzn.com/bill WA        03/09",-29.20,DEBIT_CARD,8814.19,,
DEBIT,03/10/2026,"NATIONAL AVIARY PITTSBURGH PA                03/09",-7.00,DEBIT_CARD,8843.39,,
DEBIT,03/10/2026,"NATIONAL AVIARY - ECO 412-323-7235 PA        03/09",-70.00,DEBIT_CARD,8850.39,,
DEBIT,03/10/2026,"AMAZON MKTPL*BD3Q19F Amzn.com/bill WA        03/09",-20.66,DEBIT_CARD,8920.39,,
DEBIT,03/10/2026,"AMAZON MKTPL*BE13529 Amzn.com/bill WA        03/10",-50.35,DEBIT_CARD,8941.05,,
DEBIT,03/10/2026,"AMAZON MKTPL*BP5DX9E Amzn.com/bill WA        03/10",-50.35,DEBIT_CARD,8991.40,,
DEBIT,03/09/2026,"CVS/PHARMACY #03999 CARNEGIE PA              03/09",-6.09,DEBIT_CARD,9041.75,,
DEBIT,03/09/2026,"PEACE WITHIN THE MIN support@simpl PA        03/09",-20.00,DEBIT_CARD,9047.84,,
DEBIT,03/09/2026,"Online Transfer to  CHK ...1108 transaction#: 28281040157 03/09",-40.00,ACCT_XFER,9067.84,,
DEBIT,03/09/2026,"PAYPAL           INST XFER  PATREON  MEMBER WEB ID: PAYPALSI77",-8.46,ACH_DEBIT,9107.84,,
DEBIT,03/09/2026,"COMCAST-XFINITY  CABLE SVCS                 PPD ID: 0000213249",-40.00,ACH_DEBIT,9116.30,,
DEBIT,03/09/2026,"PAYPAL           INST XFER  MEDIUM.COM      WEB ID: PAYPALSI77",-50.00,ACH_DEBIT,9156.30,,
DEBIT,03/09/2026,"BMWFINANCIAL SVS BMWFS PYMT                 PPD ID: 1222568977",-760.30,ACH_DEBIT,9206.30,,
DEBIT,03/09/2026,"BJS.COM EXP 800-257-2582 MA                  03/08",-170.19,DEBIT_CARD,9966.60,,
DEBIT,03/09/2026,"MARKET DISTRICT #0014 BETHEL PARK PA         03/08",-456.49,DEBIT_CARD,10136.79,,
DEBIT,03/09/2026,"UBR* PENDING.UBER.CO SAN FRANCISCO CA        03/07",-39.93,DEBIT_CARD,10593.28,,
DEBIT,03/09/2026,"UBER   *EATS HELP.UBER.COM CA                03/08",-165.80,DEBIT_CARD,10633.21,,
DEBIT,03/09/2026,"CVS/PHARMACY #03999 CARNEGIE PA              03/07",-5.43,DEBIT_CARD,10799.01,,
DEBIT,03/09/2026,"GM Financial     GMF Pymt                   PPD ID: I522190781",-1487.10,ACH_DEBIT,10804.44,,
DEBIT,03/09/2026,"BJS WHOLESALE #388 BRIDGEVILLE PA            03/06",-247.06,DEBIT_CARD,12291.54,,
DEBIT,03/06/2026,"UBR* PENDING.UBER.CO SAN FRANCISCO CA        03/06",-65.97,DEBIT_CARD,12538.60,,
DEBIT,03/06/2026,"Online Transfer to  SAV ...8999 transaction#: 28321652267",-200.00,ACCT_XFER,12604.57,,
DEBIT,03/06/2026,"Online Transfer to  SAV ...5329 transaction#: 28321672149",-200.00,ACCT_XFER,12804.57,,
DEBIT,03/06/2026,"Online Transfer to  SAV ...5337 transaction#: 28321656358",-200.00,ACCT_XFER,13004.57,,
DEBIT,03/05/2026,"UBER * EATS PENDING SAN FRANCISCO CA         03/05",-69.07,DEBIT_CARD,13204.57,,
DEBIT,03/05/2026,"Online Transfer to SAV ...9301 transaction#: 28317350243 03/05",-4000.00,ACCT_XFER,13273.64,,
DEBIT,03/05/2026,"JFI*PREMIER MARTIAL AR justifi.ai PA         03/05",-194.00,DEBIT_CARD,17273.64,,
DEBIT,03/05/2026,"Online Transfer to  CHK ...0459 transaction#: 27957099869 03/05",-500.00,ACCT_XFER,17467.64,,
DEBIT,03/05/2026,"Online Transfer to  CHK ...4072 transaction#: 27957167368 03/05",-500.00,ACCT_XFER,17967.64,,
DEBIT,03/05/2026,"APPLE.COM/BILL 866-712-7753 CA               03/05",-37.41,DEBIT_CARD,18467.64,,
DEBIT,03/05/2026,"PEACE OF MIND PSYCHIAT 412-3197866 PA        03/04",-20.00,DEBIT_CARD,18505.05,,
DEBIT,03/04/2026,"Online Payment 27943887618 To Northwest 03/04",-200.00,BILLPAY,18525.05,,
DEBIT,03/04/2026,"SQ *GRANDPA JOE'S CANDY Canonsburg PA        03/03",-185.40,DEBIT_CARD,18725.05,,
DEBIT,03/04/2026,"SHANTI BLISS WELLNES WWW.SHANTIBLI PA        03/03",-20.00,DEBIT_CARD,18910.45,,
DEBIT,03/04/2026,"THE BOROUGH OF CANONSBU CANONSBURG PA        03/03",-1.00,DEBIT_CARD,18930.45,,
DEBIT,03/04/2026,"CANON HILL VETERINARY 724-7460128 PA         03/03",-182.00,DEBIT_CARD,18931.45,,
DEBIT,03/04/2026,"Amazon.com*BP09Y23H2 Amzn.com/bill WA        03/03",-31.72,DEBIT_CARD,19113.45,,
DEBIT,03/04/2026,"Amazon.com*B92XW3U50 Amzn.com/bill WA        03/03",-31.93,DEBIT_CARD,19145.17,,
DEBIT,03/03/2026,"NEWBURY NEIGHBOR Assn Dues  64368541        WEB ID: HOAPAYMENT",-128.00,ACH_DEBIT,19177.10,,
DEBIT,03/03/2026,"FirstEnergy      OPCO-ACH                   PPD ID: 1341968288",-603.89,ACH_DEBIT,19305.10,,
DEBIT,03/03/2026,"BJS WHOLESALE #388 BRIDGEVILLE PA            03/02",-323.60,DEBIT_CARD,19908.99,,
DEBIT,03/03/2026,"SQ *PEACE WITHIN THE MI gosq.com PA          03/02",-140.00,DEBIT_CARD,20232.59,,
DEBIT,03/03/2026,"BJS.COM EXP 800-257-2582 MA                  03/02",-17.64,DEBIT_CARD,20372.59,,
DEBIT,03/03/2026,"IPHONE CITIZ*PMT 17 OF 888-2016306 CT        03/02",-62.41,DEBIT_CARD,20390.23,,
DEBIT,03/02/2026,"DOMESTIC INCOMING WIRE FEE",-15.00,FEE_TRANSACTION,20452.64,,
DEBIT,03/02/2026,"Online Transfer to CHK ...0459 transaction#: 28283259524 03/02",-432.00,ACCT_XFER,20467.64,,
DEBIT,03/02/2026,"Online Transfer to CHK ...1108 transaction#: 28281040119 03/02",-40.00,ACCT_XFER,20899.64,,
DEBIT,03/02/2026,"Online Payment 27917803916 To Northwest 03/02",-200.00,BILLPAY,20939.64,,
DEBIT,03/02/2026,"VERIZON*RECURRING PAY 800-VERIZON FL         03/02",-89.99,DEBIT_CARD,21139.64,,
DEBIT,03/02/2026,"PAYPAL           INST XFER  SPOTIFY*P3FEABD WEB ID: PAYPALSI77",-23.53,ACH_DEBIT,21229.63,,
DEBIT,03/02/2026,"APPLECARD GSBANK PAYMENT    466580          WEB ID: 9999999999",-99.00,ACH_DEBIT,21253.16,,
DEBIT,03/02/2026,"APPLE.COM/BILL 866-712-7753 CA               03/02",-23.52,DEBIT_CARD,21352.16,,
DEBIT,03/02/2026,"FIREBIRDS OF S FAYETTE BRIDGEVILLE PA        03/01",-96.51,DEBIT_CARD,21375.68,,
DEBIT,03/02/2026,"APPLE.COM/BILL 866-712-7753 CA               02/28",-39.73,DEBIT_CARD,21472.19,,
DEBIT,03/02/2026,"APPLE.COM/BILL 866-712-7753 CA               02/28",-8.55,DEBIT_CARD,21511.92,,
DEBIT,03/02/2026,"APPLE.COM/BILL 866-712-7753 CA               02/28",-29.99,DEBIT_CARD,21520.47,,
DEBIT,03/02/2026,"CHEWY.COM 786-320-7111 FL                    02/28",-59.96,DEBIT_CARD,21550.46,,
DEBIT,03/02/2026,"AMAZON MKTPL*BE9PS1Q Amzn.com/bill WA        02/28",-22.25,DEBIT_CARD,21610.42,,
DEBIT,03/02/2026,"AMAZON MKTPL*B90EW8T Amzn.com/bill WA        02/28",-53.24,DEBIT_CARD,21632.67,,
DEBIT,03/02/2026,"MARKET DISTRICT #0014 BETHEL PARK PA         02/27",-405.61,DEBIT_CARD,21685.91,,
CREDIT,03/02/2026,"FEDWIRE CREDIT VIA: WELLS FARGO BANK, N.A./121000248 B/O: 1/GOOG: ALPHABET INC CLASS C OMNIBU3/US/SAN FRANCISCO,94105,CA REF: CHASE NYC/CTR/BNF=ANN BURSEY OR ADAM DREW BURSEY BRIDGEVILLE PA 15017- 2079 US/AC-000009760616 RFB=NOTPROV IDED OBI=/ULTD/ADAM BURSEY/US/BRIDG EVILLE BBI=/CHGS/USD0,00/CHGS/USD0, 0 IMAD: 0302I1B7032R014155 TRN: 0834211061FF",16095.79,WIRE_INCOMING,22091.52,,
DEBIT,02/27/2026,"MICHAELS STORES 9944 4 BETHEL PARK PA        02/27",-54.00,DEBIT_CARD,5995.73,,
DEBIT,02/27/2026,"SOERGEL GREENHOUSES WEXFORD PA               02/27",-47.21,DEBIT_CARD,6049.73,,
DEBIT,02/27/2026,"WOOFLES PREMIER PET R 412-249-8201 PA        02/26",-36.00,DEBIT_CARD,6096.94,,
DEBIT,02/27/2026,"GOOGLE *Google One 855-836-3987 CA           02/27",-26.74,DEBIT_CARD,6132.94,,
CREDIT,02/27/2026,"GOOGLE LLC       PAYROLL                    PPD ID: J770493581",3808.90,ACH_CREDIT,6159.68,,
DEBIT,02/26/2026,"SOUTH FAYETTE MA PAYMENTS   0001006617.2    WEB ID: 1251250775",-322.88,ACH_DEBIT,2350.78,,
DEBIT,02/26/2026,"APPLE.COM/BILL 866-712-7753 CA               02/26",-42.77,DEBIT_CARD,2673.66,,
DEBIT,02/26/2026,"WOOFLES PREMIER PET R 412-249-8201 PA        02/25",-36.00,DEBIT_CARD,2716.43,,
DEBIT,02/25/2026,"ATM WITHDRAWAL                       009161  02/251163 WASH",-1095.00,ATM,2752.43,,
DEBIT,02/25/2026,"PENNSYLVANIA-AME PAYMENT                    PPD ID: 7251008096",-180.18,ACH_DEBIT,3847.43,,
DEBIT,02/25/2026,"WOOFLES PREMIER PET R 412-249-8201 PA        02/24",-36.00,DEBIT_CARD,4027.61,,
DEBIT,02/25/2026,"APPLE.COM/BILL 866-712-7753 CA               02/24",-16.02,DEBIT_CARD,4063.61,,
DEBIT,02/25/2026,"SHANTI BLISS WELLNES WWW.SHANTIBLI PA        02/24",-20.00,DEBIT_CARD,4079.63,,
DEBIT,02/25/2026,"APPLE.COM/BILL 866-712-7753 CA               02/24",-26.72,DEBIT_CARD,4099.63,,
CREDIT,02/24/2026,"INTEREST PAYMENT",0.07,MISC_CREDIT,4126.35,,
DEBIT,02/24/2026,"KEYCHRON         IAT PAYPAL 1048511983426   WEB ID: 770510487C",-40.20,ACH_DEBIT,4126.28,,
DEBIT,02/24/2026,"PEOPLES NATURAL  GAS BILL                   PPD ID: 9849096001",-378.08,ACH_DEBIT,4166.48,,
DEBIT,02/24/2026,"EARNEST NRI MO   AUTOPAY                    PPD ID: H431261525",-753.49,ACH_DEBIT,4544.56,,
DEBIT,02/24/2026,"WOOFLES PREMIER PET R 412-249-8201 PA        02/23",-31.09,DEBIT_CARD,5298.05,,
DEBIT,02/24/2026,"UBER   *EATS HELP.UBER.COM CA                02/23",-143.13,DEBIT_CARD,5329.14,,
DEBIT,02/23/2026,"PAYPAL           INST XFER  ADOBE INC ADOBE WEB ID: PAYPALSI77",-42.39,ACH_DEBIT,5472.27,,
DEBIT,02/23/2026,"PAYPAL           INST XFER  ABCOUNSELINGNOW WEB ID: PAYPALSI77",-125.00,ACH_DEBIT,5514.66,,
DEBIT,02/23/2026,"CHASE CREDIT CRD AUTOPAY                    PPD ID: 4760039224",-2656.73,ACH_DEBIT,5639.66,,
DEBIT,02/23/2026,"LJS70014 LAKE STATION IN                     02/22",-19.23,DEBIT_CARD,8296.39,,
DEBIT,02/23/2026,"CVS/PHARMACY #03 03999 CARNEGIE PA   233861  02/22",-74.95,DEBIT_CARD,8315.62,,
DEBIT,02/23/2026,"BJS WHOLESALE #388 BRIDGEVILLE PA            02/22",-174.56,DEBIT_CARD,8390.57,,
DEBIT,02/23/2026,"DUNKIN #356242 412-321-0313 PA               02/22",-67.30,DEBIT_CARD,8565.13,,
DEBIT,02/23/2026,"WWW.CVS.COM 888-607-4287 RI                  02/22",-20.50,DEBIT_CARD,8632.43,,
DEBIT,02/23/2026,"McDonalds 6822 BRIDGEVILLE PA                02/22",-54.00,DEBIT_CARD,8652.93,,
DEBIT,02/23/2026,"WOOFLES PREMIER PET R 412-249-8201 PA        02/21",-36.00,DEBIT_CARD,8706.93,,
DEBIT,02/23/2026,"WOOFLES PREMIER PET R 412-249-8201 PA        02/21",-100.00,DEBIT_CARD,8742.93,,
DEBIT,02/23/2026,"ATT              PAYMENT                    PPD ID: 9864031004",-350.18,MISC_DEBIT,8842.93,,
DEBIT,02/23/2026,"RAISING CANES 0933 MO 972-769-3100 PA        02/21",-85.26,DEBIT_CARD,9193.11,,
DEBIT,02/23/2026,"WOOFLES PREMIER PET R 412-249-8201 PA        02/20",-36.00,DEBIT_CARD,9278.37,,
DEBIT,02/20/2026,"CVS/PHARMACY #03999 CARNEGIE PA              02/20",-51.99,DEBIT_CARD,9314.37,,
DEBIT,02/20/2026,"BOBBY RAHAL BMW CANONSBURG PA        152560  02/20",-106.75,DEBIT_CARD,9366.36,,
DEBIT,02/20/2026,"ADVS ED SERV PPD STUDNTLOAN                 PPD ID: 9102001101",-660.76,ACH_DEBIT,9473.11,,
DEBIT,02/20/2026,"WOOFLES PREMIER PET R 412-249-8201 PA        02/19",-36.00,DEBIT_CARD,10133.87,,
DEBIT,02/20/2026,"BJS WHOLESALE #388 BRIDGEVILLE PA            02/19",-157.66,DEBIT_CARD,10169.87,,
CREDIT,02/20/2026,"Online Transfer from CHK ...0459 transaction#: 28143878000",108.00,ACCT_XFER,10327.53,,
DEBIT,02/19/2026,"Netflix.com netflix.com CA                   02/19",-26.74,DEBIT_CARD,10219.53,,
DEBIT,02/19/2026,"TRACTOR SUPPLY   ONLINE PMT 601938573400596 WEB ID: CITICTP",-618.96,ACH_DEBIT,10246.27,,
DEBIT,02/19/2026,"WOOFLES PREMIER PET R 412-249-8201 PA        02/18",-36.00,DEBIT_CARD,10865.23,,
DEBIT,02/19/2026,"CANON HILL VETERINARY 724-7460128 PA         02/18",-1199.50,DEBIT_CARD,10901.23,,
DEBIT,02/19/2026,"SHANTI BLISS WELLNES WWW.SHANTIBLI PA        02/18",-40.00,DEBIT_CARD,12100.73,,
DEBIT,02/18/2026,"GIANT EAGLE #1241 BRIDGEVILLE PA             02/18",-84.76,DEBIT_CARD,12140.73,,
DEBIT,02/18/2026,"WENDYS 2361 BRIDGEVILLE PA                   02/18",-12.78,DEBIT_CARD,12225.49,,
DEBIT,02/18/2026,"ATM WITHDRAWAL                       008981  02/181163 WASH",-1100.00,ATM,12238.27,,
DEBIT,02/18/2026,"TROPICAL SMOOTHIE CAFE 240-3205530 VA        02/17",-10.96,DEBIT_CARD,13338.27,,
DEBIT,02/18/2026,"WOOFLES PREMIER PET R 412-249-8201 PA        02/17",-36.00,DEBIT_CARD,13349.23,,
DEBIT,02/18/2026,"APPLE.COM/BILL 866-712-7753 CA               02/18",-32.07,DEBIT_CARD,13385.23,,
DEBIT,02/18/2026,"GIANT EAGLE #1241 BRIDGEVILLE PA             02/17",-266.83,DEBIT_CARD,13417.30,,
DEBIT,02/18/2026,"PITTSBURGH MOBILE VET 141-25098215 PA        02/17",-1040.95,DEBIT_CARD,13684.13,,
DEBIT,02/17/2026,"NEWREZ-SHELLPOIN ACH PMT                    PPD ID: 6371542226",-2100.27,ACH_DEBIT,14725.08,,
DEBIT,02/17/2026,"PAYPAL           INST XFER  TRADERJACKS     WEB ID: PAYPALSI77",-60.00,ACH_DEBIT,16825.35,,
DEBIT,02/17/2026,"PAYPAL           INST XFER  TRADERJACKS     WEB ID: PAYPALSI77",-140.00,ACH_DEBIT,16885.35,,
DEBIT,02/17/2026,"CHASE CREDIT CRD AUTOPAY                    PPD ID: 4760039224",-168.00,ACH_DEBIT,17025.35,,
DEBIT,02/17/2026,"TRACTOR SUPPLY   AUTO PYMT  721910233980551 WEB ID: CITIAUTFDR",-250.00,MISC_DEBIT,17193.35,,
DEBIT,02/17/2026,"CONNECTED HEALTH WWW.CONNECTED PA            02/17",-477.00,DEBIT_CARD,17443.35,,
DEBIT,02/17/2026,"WOOFLES PREMIER PET R 412-249-8201 PA        02/16",-42.42,DEBIT_CARD,17920.35,,
DEBIT,02/17/2026,"VIOC 060142 WASHINGTON PA                    02/16",-143.06,DEBIT_CARD,17962.77,,
DEBIT,02/17/2026,"BJ'S FUEL #9388 BRIDGEVILLE PA               02/16",-71.90,DEBIT_CARD,18105.83,,
DEBIT,02/17/2026,"KITTRIDGE DERMATOLOGY PITTSBURGH PA          02/16",-135.00,DEBIT_CARD,18177.73,,
DEBIT,02/17/2026,"BJS WHOLESALE #388 BRIDGEVILLE PA            02/15",-112.44,DEBIT_CARD,18312.73,,
DEBIT,02/17/2026,"WOOFLES PREMIER PET R 412-249-8201 PA        02/14",-36.00,DEBIT_CARD,18425.17,,
DEBIT,02/17/2026,"COSTCO WHSE #0332 PITTSBURGH PA              02/14",-306.17,DEBIT_CARD,18461.17,,
DEBIT,02/17/2026,"APPLE.COM/BILL 866-712-7753 CA               02/14",-96.29,DEBIT_CARD,18767.34,,
DEBIT,02/17/2026,"PARKING IN PITTSBURGH 3 PITTSBURGH PA        02/14",-3.00,DEBIT_CARD,18863.63,,
DEBIT,02/17/2026,"Online Transfer to CHK ...4072 transaction#: 28074263635 02/17",-25.00,ACCT_XFER,18866.63,,
DEBIT,02/17/2026,"ROBINSON ANIMAL HOSPI MCKEES ROCKS PA        02/14",-55.40,DEBIT_CARD,18891.63,,
DEBIT,02/17/2026,"APPLE.COM/BILL 866-712-7753 CA               02/14",-23.52,DEBIT_CARD,18947.03,,
DEBIT,02/17/2026,"CHEWY.COM 786-320-7111 FL                    02/15",-59.96,DEBIT_CARD,18970.55,,
DEBIT,02/17/2026,"APPLE.COM/BILL 866-712-7753 CA               02/14",-21.04,DEBIT_CARD,19030.51,,
DEBIT,02/17/2026,"CLUBHOUSE CARDS PITTSBURGH PA                02/13",-64.18,DEBIT_CARD,19051.55,,
DEBIT,02/13/2026,"CVS/PHARMACY #03999 CARNEGIE PA              02/13",-6.50,DEBIT_CARD,19115.73,,
DEBIT,02/13/2026,"BJS WHOLESALE #388 BRIDGEVILLE PA            02/12",-107.91,DEBIT_CARD,19122.23,,
DEBIT,02/13/2026,"WOOFLES PREMIER PET R 412-249-8201 PA        02/12",-71.56,DEBIT_CARD,19230.14,,
DEBIT,02/13/2026,"GOOGLE *YouTubePremi g.co/helppay# CA        02/12",-24.60,DEBIT_CARD,19301.70,,
DEBIT,02/13/2026,"APPLE.COM/BILL 866-712-7753 CA               02/13",-3.20,DEBIT_CARD,19326.30,,
DEBIT,02/13/2026,"AMAZON MKTPL*T50CF1Q Amzn.com/bill WA        02/12",-29.20,DEBIT_CARD,19329.50,,
CREDIT,02/13/2026,"GOOGLE LLC       PAYROLL                    PPD ID: J770493581",77.53,ACH_CREDIT,19358.70,,
CREDIT,02/13/2026,"GOOGLE LLC       PAYROLL                    PPD ID: J770493581",3808.90,ACH_CREDIT,19281.17,,
DEBIT,02/12/2026,"Online Transfer to CHK ...0459 transaction#: 28050584699 02/12",-77.53,ACCT_XFER,15472.27,,
DEBIT,02/12/2026,"NON-CHASE ATM WITHDRAW               357574  02/12160 MILLE",-43.50,ATM,15549.80,,
DEBIT,02/12/2026,"MICROSOFT*REALMS JAVA REDMOND WA             02/12",-8.55,DEBIT_CARD,15593.30,,
CHECK,02/12/2026,"CHECK 101  ",-183.86,CHECK_PAID,15601.85,101,
DEBIT,02/12/2026,"MICROSOFT*REALMS JAVA REDMOND WA             02/12",-8.55,DEBIT_CARD,15785.71,,
DEBIT,02/12/2026,"PEACE OF MIND PSYCHIAT 412-3197866 PA        02/11",-20.00,DEBIT_CARD,15794.26,,
DEBIT,02/12/2026,"DNH*GODADDY 480-505-8855 AZ                  02/11",-52.98,DEBIT_CARD,15814.26,,
DEBIT,02/11/2026,"CONNECTED HEALTH WWW.CONNECTED PA            02/11",-240.00,DEBIT_CARD,15867.24,,
DEBIT,02/11/2026,"WOOFLES PREMIER PET R 412-249-8201 PA        02/10",-37.61,DEBIT_CARD,16107.24,,
DEBIT,02/11/2026,"BJS WHOLESALE #388 BRIDGEVILLE PA            02/10",-90.80,DEBIT_CARD,16144.85,,
DEBIT,02/11/2026,"SUNOCO 0501481601 BRIDGEVILLE PA             02/10",-8.11,DEBIT_CARD,16235.65,,
DEBIT,02/10/2026,"PAYPAL           INST XFER  STEAM GAMES     WEB ID: PAYPALSI77",-25.00,ACH_DEBIT,16243.76,,
DEBIT,02/10/2026,"SOLAR SERVICING  SURE PAY                   PPD ID: CSCSM67178",-220.80,ACH_DEBIT,16268.76,,
DEBIT,02/10/2026,"VENMO *samara padgitt Visa Direct NY         02/10",-50.00,DEBIT_CARD,16489.56,,
DEBIT,02/10/2026,"SOERGEL ORCHARDS WEXFORD PA                  02/09",-70.47,DEBIT_CARD,16539.56,,
DEBIT,02/10/2026,"CONNECTED HEALTH PHARM 724-9334320 PA        02/09",-41.00,DEBIT_CARD,16610.03,,
DEBIT,02/09/2026,"DOMESTIC INCOMING WIRE FEE",-15.00,FEE_TRANSACTION,16651.03,,
DEBIT,02/09/2026,"Online Transfer to CHK ...0459 transaction#: 28008900421 02/09",-261.20,ACCT_XFER,16666.03,,
DEBIT,02/09/2026,"COMCAST-XFINITY  CABLE SVCS                 PPD ID: 0000213249",-40.00,ACH_DEBIT,16927.23,,
DEBIT,02/09/2026,"BMWFINANCIAL SVS BMWFS PYMT                 PPD ID: 1222568977",-760.30,ACH_DEBIT,16967.23,,
DEBIT,02/09/2026,"BJS WHOLESALE #388 BRIDGEVILLE PA            02/08",-165.76,DEBIT_CARD,17727.53,,
DEBIT,02/09/2026,"DUNKIN #356242 412-321-0313 PA               02/08",-18.17,DEBIT_CARD,17893.29,,
DEBIT,02/09/2026,"TST* PLAZA AZTECA - ROB PITTSBURGH PA        02/09",-89.71,DEBIT_CARD,17911.46,,
DEBIT,02/09/2026,"GM Financial     GMF Pymt                   PPD ID: I522190781",-1487.10,ACH_DEBIT,18001.17,,
DEBIT,02/09/2026,"WOOFLES PREMIER PET R 412-249-8201 PA        02/06",-36.00,DEBIT_CARD,19488.27,,
DEBIT,02/09/2026,"GIANT EAGLE #1241 BRIDGEVILLE PA             02/06",-257.64,DEBIT_CARD,19524.27,,
CREDIT,02/09/2026,"Online Transfer from SAV ...9301 transaction#: 27987039908",4000.00,ACCT_XFER,19781.91,,
CREDIT,02/09/2026,"FEDWIRE CREDIT VIA: WELLS FARGO BANK, N.A./121000248 B/O: 1/ADAM BURSEY 3/US/BRIDGEVILLE,15017 2079,PA REF: CHASE NYC/CTR/BNF=ANN BURSEY OR ADAM DREW BURSEY BRIDGEVILLE PA 15017- 2079 US/AC-000009760616 RFB=NOTPROV IDED BBI=/CHGS/USD0,00/CHGS/USD0,00/ACC/9 76061674765 1/ADAM BURSEY 2/CELEBRA TION CIRCLE,1 IMAD: 0209I1B7031R008361 TRN: 0553971040FF",15781.91,WIRE_INCOMING,15781.91,,
CHECK,02/06/2026,"CHECK 142  ",-185.21,CHECK_PAID,0.00,142,
DEBIT,02/06/2026,"PAYPAL           INST XFER  SWEETHERBME SWE WEB ID: PAYPALSI77",-69.00,ACH_DEBIT,185.21,,
DEBIT,02/06/2026,"CVS/PHARMACY #03999 CARNEGIE PA              02/06",-10.00,DEBIT_CARD,254.21,,
DEBIT,02/06/2026,"Online Payment 27622361022 To Washington Financial Bank 02/06",-6345.06,BILLPAY,264.21,,
DEBIT,02/06/2026,"WOOFLES PREMIER PET R 412-249-8201 PA        02/05",-36.00,DEBIT_CARD,6609.27,,
DEBIT,02/06/2026,"DUNKIN' MOBILE 800-447-0013 MA               02/05",-5.00,DEBIT_CARD,6645.27,,
DEBIT,02/06/2026,"BJ'S FUEL #9388 BRIDGEVILLE PA               02/05",-82.24,DEBIT_CARD,6650.27,,
CREDIT,02/06/2026,"Online Transfer from SAV ...9301 transaction#: 27973258385",2000.00,ACCT_XFER,6732.51,,
CREDIT,02/06/2026,"ODP TRANSFER FROM SAVINGS ...9301",1134.78,MISC_CREDIT,4732.51,,
CHECK,02/05/2026,"CHECK 141  ",-10.80,CHECK_PAID,3597.73,141,
DEBIT,02/05/2026,"JFI*PREMIER MARTIAL AR justifi.ai PA         02/05",-194.00,DEBIT_CARD,3608.53,,
DEBIT,02/05/2026,"Online Transfer to  CHK ...4072 transaction#: 27629853221 02/05",-500.00,ACCT_XFER,3802.53,,
DEBIT,02/05/2026,"Online Transfer to  CHK ...0459 transaction#: 27529641505 02/05",-500.00,ACCT_XFER,4302.53,,
DEBIT,02/05/2026,"WOOFLES PREMIER PET R 412-249-8201 PA        02/04",-36.00,DEBIT_CARD,4802.53,,
DEBIT,02/05/2026,"GIANT EAGLE #1241 BRIDGEVILLE PA             02/04",-306.24,DEBIT_CARD,4838.53,,
DEBIT,02/05/2026,"PEACE OF MIND PSYCHIAT 412-3197866 PA        02/04",-60.00,DEBIT_CARD,5144.77,,
DEBIT,02/04/2026,"SHANTI BLISS WELLNES WWW.SHANTIBLI PA        02/04",-20.00,DEBIT_CARD,5204.77,,
DEBIT,02/04/2026,"Online Payment 27587702987 To Northwest 02/04",-200.00,BILLPAY,5224.77,,
DEBIT,02/04/2026,"WOOFLES PREMIER PET R 412-249-8201 PA        02/03",-44.35,DEBIT_CARD,5424.77,,
DEBIT,02/04/2026,"CVS/PHARMACY #03999 CARNEGIE PA              02/03",-14.10,DEBIT_CARD,5469.12,,
DEBIT,02/04/2026,"WHOLEFDS SHL #10242 UPPER SAINT C PA         02/03",-133.79,DEBIT_CARD,5483.22,,
DEBIT,02/04/2026,"AMAZON MKTPL*XR3MS7T Amzn.com/bill WA        02/03",-53.56,DEBIT_CARD,5617.01,,
DEBIT,02/04/2026,"Amazon.com*5G8DW5BF3 Amzn.com/bill WA        02/03",-28.96,DEBIT_CARD,5670.57,,
DEBIT,02/03/2026,"APPLE.COM/BILL 866-712-7753 CA               02/03",-5.34,DEBIT_CARD,5699.53,,
DEBIT,02/03/2026,"APPLE.COM/BILL 866-712-7753 CA               02/03",-10.69,DEBIT_CARD,5704.87,,
DEBIT,02/03/2026,"APPLE.COM/BILL 866-712-7753 CA               02/03",-53.49,DEBIT_CARD,5715.56,,
DEBIT,02/03/2026,"APPLE.COM/BILL 866-712-7753 CA               02/03",-21.39,DEBIT_CARD,5769.05,,
DEBIT,02/03/2026,"WOOFLES PREMIER PET R 412-249-8201 PA        02/02",-36.00,DEBIT_CARD,5790.44,,
DEBIT,02/03/2026,"SALLY BEAUTY #0493 BRIDGEVILLE PA            02/02",-13.90,DEBIT_CARD,5826.44,,
DEBIT,02/03/2026,"CANON HILL VETERINARY 724-7460128 PA         02/02",-75.00,DEBIT_CARD,5840.34,,
DEBIT,02/03/2026,"Amazon.com*5I1FQ9KZ3 Amzn.com/bill WA        02/02",-30.81,DEBIT_CARD,5915.34,,
DEBIT,02/03/2026,"IPHONE CITIZ*PMT 16 OF 888-2016306 CT        02/02",-62.41,DEBIT_CARD,5946.15,,
DEBIT,02/02/2026,"Online Payment 27509558329 To Northwest 02/02",-200.00,BILLPAY,6008.56,,
DEBIT,02/02/2026,"VERIZON*RECURRING PAY 800-VERIZON FL         02/02",-89.99,DEBIT_CARD,6208.56,,
DEBIT,02/02/2026,"APPLECARD GSBANK PAYMENT    466580          WEB ID: 9999999999",-38.00,ACH_DEBIT,6298.55,,
DEBIT,02/02/2026,"BJS WHOLESALE #388 BRIDGEVILLE PA            02/01",-133.67,DEBIT_CARD,6336.55,,
DEBIT,02/02/2026,"APPLE.COM/BILL 866-712-7753 CA               02/01",-10.69,DEBIT_CARD,6470.22,,
DEBIT,02/02/2026,"DUNKIN #356242 412-321-0313 PA               02/01",-4.34,DEBIT_CARD,6480.91,,
DEBIT,02/02/2026,"BRILLIANT.ORG - EDU BRILLIANT.ORG CA         01/31",-29.95,DEBIT_CARD,6485.25,,
DEBIT,02/02/2026,"BRILLIANT.ORG - EDU BRILLIANT.ORG CA         01/31",-29.95,DEBIT_CARD,6515.20,,
DEBIT,02/02/2026,"THE ORIGINAL PANCAKE H PITTSBURGH PA         01/31",-55.14,DEBIT_CARD,6545.15,,
DEBIT,02/02/2026,"DUNKIN #356242 412-321-0313 PA               01/31",-4.34,DEBIT_CARD,6600.29,,
DEBIT,02/02/2026,"FirstEnergy      OPCO-ACH                   PPD ID: 1341968288",-509.58,ACH_DEBIT,6604.63,,
DEBIT,02/02/2026,"CHEWY.COM 786-320-7111 FL                    02/01",-59.96,DEBIT_CARD,7114.21,,
DEBIT,02/02/2026,"TROPICAL SMOOTHIE CAFE 312-5432155 PA        01/30",-11.43,DEBIT_CARD,7174.17,,
DEBIT,02/02/2026,"APPLE.COM/BILL 866-712-7753 CA               01/30",-5.34,DEBIT_CARD,7185.60,,
CREDIT,02/02/2026,"Online Transfer from CHK ...0459 transaction#: 27925295421",108.00,ACCT_XFER,7190.94,,
DEBIT,01/30/2026,"SHANTI BLISS WELLNES WWW.SHANTIBLI PA        01/30",-20.00,DEBIT_CARD,7082.94,,
DEBIT,01/30/2026,"APPLE.COM/BILL 866-712-7753 CA               01/30",-39.73,DEBIT_CARD,7102.94,,
DEBIT,01/30/2026,"APPLE.COM/BILL 866-712-7753 CA               01/30",-5.34,DEBIT_CARD,7142.67,,
DEBIT,01/30/2026,"APPLE.COM/BILL 866-712-7753 CA               01/30",-29.99,DEBIT_CARD,7148.01,,
DEBIT,01/30/2026,"BJS WHOLESALE #388 BRIDGEVILLE PA            01/29",-155.92,DEBIT_CARD,7178.00,,
DEBIT,01/30/2026,"WOOFLES PREMIER PET R 412-249-8201 PA        01/29",-244.00,DEBIT_CARD,7333.92,,
DEBIT,01/30/2026,"CVS/PHARMACY #03999 CARNEGIE PA              01/29",-10.00,DEBIT_CARD,7577.92,,
CREDIT,01/30/2026,"GOOGLE LLC       PAYROLL                    PPD ID: J770493581",177.20,ACH_CREDIT,7587.92,,
CREDIT,01/30/2026,"GOOGLE LLC       PAYROLL                    PPD ID: J770493581",3808.91,ACH_CREDIT,7410.72,,
DEBIT,01/29/2026,"PENNSYLVANIA-AME PAYMENT                    PPD ID: 7251008096",-360.21,ACH_DEBIT,3601.81,,
DEBIT,01/29/2026,"MCDONALD'S F6822 BRIDGEVILLE PA              01/28",-48.94,DEBIT_CARD,3962.02,,
DEBIT,01/28/2026,"APPLE.COM/BILL 866-712-7753 CA               01/28",-8.55,DEBIT_CARD,4010.96,,
DEBIT,01/28/2026,"SOUTH FAYETTE MA PAYMENTS   0001006617.2    WEB ID: 1251250775",-193.64,ACH_DEBIT,4019.51,,
DEBIT,01/28/2026,"APPLE.COM/BILL 866-712-7753 CA               01/28",-2.13,DEBIT_CARD,4213.15,,
DEBIT,01/27/2026,"APPLE.COM/BILL 866-712-7753 CA               01/27",-12.83,DEBIT_CARD,4215.28,,
DEBIT,01/27/2026,"BJS WHOLESALE #388 BRIDGEVILLE PA            01/26",-52.20,DEBIT_CARD,4228.11,,
DEBIT,01/27/2026,"BJ'S FUEL #9388 BRIDGEVILLE PA               01/26",-81.20,DEBIT_CARD,4280.31,,
DEBIT,01/27/2026,"GOOGLE *Google One 855-836-3987 CA           01/27",-26.74,DEBIT_CARD,4361.51,,
CREDIT,01/27/2026,"Online Transfer from CHK ...4072 transaction#: 27840456999",129.00,ACCT_XFER,4388.25,,
CREDIT,01/26/2026,"INTEREST PAYMENT",0.09,MISC_CREDIT,4259.25,,
DEBIT,01/26/2026,"PAYPAL           INST XFER  STEAM GAMES     WEB ID: PAYPALSI77",-21.38,ACH_DEBIT,4259.16,,
DEBIT,01/26/2026,"APPLE.COM/BILL 866-712-7753 CA               01/26",-10.69,DEBIT_CARD,4280.54,,
DEBIT,01/26/2026,"GIANT EAGLE #1241 BRIDGEVILLE PA             01/24",-458.61,DEBIT_CARD,4291.23,,
DEBIT,01/26/2026,"CVS/PHARMACY #03999 CARNEGIE PA              01/24",-33.05,DEBIT_CARD,4749.84,,
DEBIT,01/26/2026,"ROBINSON ANIMAL HOSPI MCKEES ROCKS PA        01/24",-246.20,DEBIT_CARD,4782.89,,
DEBIT,01/26/2026,"EARNEST NRI MO   AUTOPAY                    PPD ID: H431261525",-753.49,ACH_DEBIT,5029.09,,
DEBIT,01/26/2026,"BJS WHOLESALE #388 BRIDGEVILLE PA            01/23",-1.07,DEBIT_CARD,5782.58,,
DEBIT,01/26/2026,"BJS WHOLESALE #388 BRIDGEVILLE PA            01/23",-361.37,DEBIT_CARD,5783.65,,
DEBIT,01/26/2026,"WOOFLES PREMIER PET R 412-249-8201 PA        01/23",-36.00,DEBIT_CARD,6145.02,,
DEBIT,01/23/2026,"PAYPAL           INST XFER  ADOBE INC ADOBE WEB ID: PAYPALSI77",-42.39,ACH_DEBIT,6181.02,,
DEBIT,01/23/2026,"WOOFLES PREMIER PET R 412-249-8201 PA        01/22",-36.00,DEBIT_CARD,6223.41,,
DEBIT,01/23/2026,"CANON HILL VETERINARY 724-7460128 PA         01/22",-416.50,DEBIT_CARD,6259.41,,
DEBIT,01/23/2026,"ST CLAIR ORTHOPEDIC ASS PITTSBURGH PA        01/22",-30.00,DEBIT_CARD,6675.91,,
DEBIT,01/22/2026,"WOOFLES PREMIER PET R 412-249-8201 PA        01/21",-36.00,DEBIT_CARD,6705.91,,
DEBIT,01/22/2026,"APPLE.COM/BILL 866-712-7753 CA               01/21",-38.51,DEBIT_CARD,6741.91,,
DEBIT,01/21/2026,"PAYPAL           INST XFER  NINTENDOAME     WEB ID: PAYPALSI77",-63.59,ACH_DEBIT,6780.42,,
DEBIT,01/21/2026,"SHANTI BLISS WELLNES WWW.SHANTIBLI PA        01/21",-60.00,DEBIT_CARD,6844.01,,
DEBIT,01/21/2026,"CHASE CREDIT CRD AUTOPAY                    PPD ID: 4760039224",-475.50,ACH_DEBIT,6904.01,,
DEBIT,01/21/2026,"PEOPLES NATURAL  GAS BILL                   PPD ID: 9849096001",-282.74,ACH_DEBIT,7379.51,,
DEBIT,01/21/2026,"ATT              PAYMENT                    PPD ID: 9864031004",-350.35,MISC_DEBIT,7662.25,,
DEBIT,01/21/2026,"ADVS ED SERV PPD STUDNTLOAN                 PPD ID: 9102001101",-660.76,ACH_DEBIT,8012.60,,
DEBIT,01/21/2026,"TRACTOR SUPPLY   ONLINE PMT 601914310761931 WEB ID: CITICTP",-1186.32,ACH_DEBIT,8673.36,,
DEBIT,01/21/2026,"APPLE.COM/BILL 866-712-7753 CA               01/21",-2.13,DEBIT_CARD,9859.68,,
DEBIT,01/21/2026,"WOOFLES PREMIER PET R 412-249-8201 PA        01/20",-36.00,DEBIT_CARD,9861.81,,
DEBIT,01/21/2026,"APPLE.COM/BILL 866-712-7753 CA               01/20",-10.69,DEBIT_CARD,9897.81,,
DEBIT,01/21/2026,"BJS WHOLESALE #388 BRIDGEVILLE PA            01/20",-407.16,DEBIT_CARD,9908.50,,
DEBIT,01/21/2026,"CANON HILL VETERINARY 724-7460128 PA         01/20",-150.00,DEBIT_CARD,10315.66,,
CREDIT,01/21/2026,"Online Transfer from SAV ...9301 transaction#: 27781330484",5000.00,ACCT_XFER,10465.66,,
DEBIT,01/20/2026,"PAYPAL           INST XFER  BRILLIANT       WEB ID: PAYPALSI77",-138.57,ACH_DEBIT,5465.66,,
DEBIT,01/20/2026,"PAYPAL           INST XFER  ABCOUNSELINGNOW WEB ID: PAYPALSI77",-250.00,ACH_DEBIT,5604.23,,
DEBIT,01/20/2026,"WOOFLES PREMIER PET R 412-249-8201 PA        01/19",-36.00,DEBIT_CARD,5854.23,,
DEBIT,01/20/2026,"BJ'S RESTAURANTS 590 UPPER ST. CLA PA        01/19",-86.98,DEBIT_CARD,5890.23,,
DEBIT,01/20/2026,"NETFLIX.COM NETFLIX.COM CA                   01/19",-26.74,DEBIT_CARD,5977.21,,
DEBIT,01/20/2026,"GIANT EAGLE #1241 BRIDGEVILLE PA             01/18",-61.35,DEBIT_CARD,6003.95,,
DEBIT,01/20/2026,"APPLE.COM/BILL 866-712-7753 CA               01/18",-5.34,DEBIT_CARD,6065.30,,
DEBIT,01/20/2026,"DUNKIN' MOBILE 800-447-0013 MA               01/17",-20.00,DEBIT_CARD,6070.64,,
DEBIT,01/20/2026,"UBER   *EATS HELP.UBER.COM CA                01/18",-144.39,DEBIT_CARD,6090.64,,
DEBIT,01/20/2026,"MINISO SOUTH HILLS VILL PITTSBURGH PA        01/17",-58.83,DEBIT_CARD,6235.03,,
DEBIT,01/20/2026,"CONNECTED HEALTH WWW.CONNECTED PA            01/17",-477.00,DEBIT_CARD,6293.86,,
DEBIT,01/20/2026,"CHEWY.COM 786-320-7111 FL                    01/17",-59.96,DEBIT_CARD,6770.86,,
DEBIT,01/20/2026,"GIANT EAGLE #1241 BRIDGEVILLE PA             01/16",-132.02,DEBIT_CARD,6830.82,,
DEBIT,01/20/2026,"WOOFLES PREMIER PET R 412-249-8201 PA        01/16",-36.00,DEBIT_CARD,6962.84,,
CREDIT,01/20/2026,"Online Transfer from CHK ...0459 transaction#: 27738539598",18.24,ACCT_XFER,6998.84,,
CREDIT,01/20/2026,"Online Transfer from CHK ...0459 transaction#: 27738497894",36.00,ACCT_XFER,6980.60,,
CREDIT,01/20/2026,"Online Transfer from CHK ...0459 transaction#: 27738488046",36.00,ACCT_XFER,6944.60,,
CREDIT,01/20/2026,"Online Transfer from CHK ...0459 transaction#: 27738523564",68.89,ACCT_XFER,6908.60,,
CREDIT,01/20/2026,"Online Transfer from CHK ...0459 transaction#: 27738570327",69.95,ACCT_XFER,6839.71,,
CREDIT,01/20/2026,"Online Transfer from CHK ...0459 transaction#: 27738543857",113.36,ACCT_XFER,6769.76,,
DEBIT,01/16/2026,"PAYPAL           INST XFER  TRADERJACKS     WEB ID: PAYPALSI77",-60.00,ACH_DEBIT,6656.40,,
DEBIT,01/16/2026,"PAYPAL           INST XFER  TRADERJACKS     WEB ID: PAYPALSI77",-140.00,ACH_DEBIT,6716.40,,
DEBIT,01/16/2026,"APPLE.COM/BILL 866-712-7753 CA               01/16",-8.55,DEBIT_CARD,6856.40,,
DEBIT,01/16/2026,"CHASE CREDIT CRD AUTOPAY                    PPD ID: 4760039224",-145.00,ACH_DEBIT,6864.95,,
DEBIT,01/16/2026,"TRACTOR SUPPLY   AUTO PYMT  721882585960158 WEB ID: CITIAUTFDR",-250.00,MISC_DEBIT,7009.95,,
DEBIT,01/16/2026,"BJ'S FUEL #9388 BRIDGEVILLE PA               01/15",-82.79,DEBIT_CARD,7259.95,,
DEBIT,01/16/2026,"WOOFLES PREMIER PET R 412-249-8201 PA        01/15",-36.00,DEBIT_CARD,7342.74,,
DEBIT,01/16/2026,"BJS WHOLESALE #388 BRIDGEVILLE PA            01/15",-161.82,DEBIT_CARD,7378.74,,
DEBIT,01/16/2026,"CANON HILL VETERINARY 724-7460128 PA         01/15",-351.50,DEBIT_CARD,7540.56,,
CREDIT,01/16/2026,"GOOGLE LLC       PAYROLL                    PPD ID: J770493581",3808.91,ACH_CREDIT,7892.06,,
DEBIT,01/15/2026,"NEWREZ-SHELLPOIN ACH PMT                    PPD ID: 6371542226",-2100.41,ACH_DEBIT,4083.15,,
DEBIT,01/15/2026,"WOOFLES PREMIER PET R 412-249-8201 PA        01/14",-36.00,DEBIT_CARD,6183.56,,
DEBIT,01/15/2026,"LEARNING EXPRESS OF MT PITTSBURGH PA         01/14",-162.05,DEBIT_CARD,6219.56,,
DEBIT,01/15/2026,"ICE CASTLE PITTSBURGH PA                     01/14",-60.00,DEBIT_CARD,6381.61,,
DEBIT,01/15/2026,"KITTRIDGE DERMATOLOGY PITTSBURGH PA          01/14",-135.00,DEBIT_CARD,6441.61,,
DEBIT,01/15/2026,"WOOFLES PREMIER PET R 412-249-8201 PA        01/14",-100.00,DEBIT_CARD,6576.61,,
DEBIT,01/14/2026,"APPLE.COM/BILL 866-712-7753 CA               01/14",-7.48,DEBIT_CARD,6676.61,,
DEBIT,01/14/2026,"APPLE.COM/BILL 866-712-7753 CA               01/14",-21.04,DEBIT_CARD,6684.09,,
DEBIT,01/14/2026,"WOOFLES PREMIER PET R 412-249-8201 PA        01/13",-36.00,DEBIT_CARD,6705.13,,
DEBIT,01/14/2026,"CANON HILL VETERINARY 724-7460128 PA         01/13",-75.00,DEBIT_CARD,6741.13,,
DEBIT,01/13/2026,"CHECK OR SUPPLY  ORDER                      PPD ID: 1410216800",-60.00,FEE_TRANSACTION,6816.13,,
DEBIT,01/13/2026,"AMFAM INSURANCE PX7 800-535-2001 WI          01/13",-322.60,DEBIT_CARD,6876.13,,
DEBIT,01/13/2026,"GIANT EAGLE #1241 BRIDGEVILLE PA             01/12",-66.71,DEBIT_CARD,7198.73,,
DEBIT,01/13/2026,"WOOFLES PREMIER PET R 412-249-8201 PA        01/12",-36.00,DEBIT_CARD,7265.44,,
DEBIT,01/13/2026,"GOOGLE *YouTubePremi g.co/helppay# CA        01/12",-24.60,DEBIT_CARD,7301.44,,
DEBIT,01/13/2026,"APPLE.COM/BILL 866-712-7753 CA               01/12",-3.20,DEBIT_CARD,7326.04,,
DEBIT,01/13/2026,"AMAZON MKTPL*JT7TB1G Amzn.com/bill WA        01/13",-29.20,DEBIT_CARD,7329.24,,
DEBIT,01/12/2026,"VENMO *Giovanni Romeo New York NY            01/12",-615.00,DEBIT_CARD,7358.44,,
DEBIT,01/12/2026,"MICROSOFT*REALMS JAVA REDMOND WA             01/12",-8.55,DEBIT_CARD,7973.44,,
DEBIT,01/12/2026,"MICROSOFT*REALMS JAVA REDMOND WA             01/12",-8.55,DEBIT_CARD,7981.99,,
DEBIT,01/12/2026,"APPLE.COM/BILL 866-712-7753 CA               01/12",-53.49,DEBIT_CARD,7990.54,,
DEBIT,01/12/2026,"APPLE.COM/BILL 866-712-7753 CA               01/12",-5.34,DEBIT_CARD,8044.03,,
DEBIT,01/12/2026,"APPLE.COM/BILL 866-712-7753 CA               01/12",-106.99,DEBIT_CARD,8049.37,,
DEBIT,01/12/2026,"SALLY BEAUTY #0493 BRIDGEVILLE PA            01/11",-98.37,DEBIT_CARD,8156.36,,
DEBIT,01/12/2026,"VENMO *Alexa Emberg New York NY              01/11",-20.00,DEBIT_CARD,8254.73,,
DEBIT,01/12/2026,"DNH*GODADDY 480-505-8855 AZ                  01/11",-52.98,DEBIT_CARD,8274.73,,
DEBIT,01/12/2026,"AMAZON MKTPL*SS1NE5H Amzn.com/bill WA        01/12",-50.35,DEBIT_CARD,8327.71,,
DEBIT,01/12/2026,"CONNECTED HEALTH WWW.CONNECTED PA            01/11",-240.00,DEBIT_CARD,8378.06,,
DEBIT,01/12/2026,"TST* PLAZA AZTECA - ROB PITTSBURGH PA        01/11",-84.81,DEBIT_CARD,8618.06,,
DEBIT,01/12/2026,"IKEA PITTSBURGH PITTSBURGH PA                01/10",-39.54,DEBIT_CARD,8702.87,,
DEBIT,01/12/2026,"APPLE.COM/BILL 866-712-7753 CA               01/10",-12.83,DEBIT_CARD,8742.41,,
DEBIT,01/12/2026,"APPLE.COM/BILL 866-712-7753 CA               01/10",-21.39,DEBIT_CARD,8755.24,,
DEBIT,01/12/2026,"WOOFLES PREMIER PET R 412-249-8201 PA        01/09",-36.00,DEBIT_CARD,8776.63,,
DEBIT,01/12/2026,"MARKET DISTRICT #0014 800-553-2324 PA        01/09",-300.93,DEBIT_CARD,8812.63,,
DEBIT,01/12/2026,"GIANT EAGLE #1241 BRIDGEVILLE PA             01/09",-150.79,DEBIT_CARD,9113.56,,
DEBIT,01/09/2026,"PAYPAL           INST XFER  INSTACART COSTC WEB ID: PAYPALSI77",-15.04,ACH_DEBIT,9264.35,,
DEBIT,01/09/2026,"PAYPAL           INST XFER  INSTACART COSTC WEB ID: PAYPALSI77",-330.14,ACH_DEBIT,9279.39,,
DEBIT,01/09/2026,"COMCAST-XFINITY  CABLE SVCS                 PPD ID: 0000213249",-40.00,ACH_DEBIT,9609.53,,
DEBIT,01/09/2026,"WOOFLES PREMIER PET R 412-249-8201 PA        01/08",-36.00,DEBIT_CARD,9649.53,,
DEBIT,01/09/2026,"CANON HILL VETERINARY 724-7460128 PA         01/08",-327.00,DEBIT_CARD,9685.53,,
DEBIT,01/09/2026,"ROBINSON ANIMAL HOSPI MCKEES ROCKS PA        01/07",-106.00,DEBIT_CARD,10012.53,,
DEBIT,01/08/2026,"Online Transfer to CHK ...4072 transaction#: 27629862844 01/08",-500.00,ACCT_XFER,10118.53,,
DEBIT,01/08/2026,"NON-CHASE ATM WITHDRAW               383261  01/08160 MILLE",-153.50,ATM,10618.53,,
DEBIT,01/08/2026,"Online Payment 27248984011 To Washington Financial Bank 01/08",-6345.06,BILLPAY,10772.03,,
DEBIT,01/08/2026,"SOLAR SERVICING  SURE PAY                   PPD ID: CSCSM67178",-220.80,ACH_DEBIT,17117.09,,
DEBIT,01/08/2026,"BMWFINANCIAL SVS BMWFS PYMT                 PPD ID: 1222568977",-760.30,ACH_DEBIT,17337.89,,
DEBIT,01/08/2026,"WOOFLES PREMIER PET R 412-249-8201 PA        01/07",-36.00,DEBIT_CARD,18098.19,,
DEBIT,01/08/2026,"APPLE.COM/BILL 866-712-7753 CA               01/07",-10.69,DEBIT_CARD,18134.19,,
CREDIT,01/08/2026,"Online Transfer from CHK ...0459 transaction#: 27627211739",10.59,ACCT_XFER,18144.88,,
CREDIT,01/08/2026,"Online Transfer from CHK ...0459 transaction#: 27627202160",33.90,ACCT_XFER,18134.29,,
CREDIT,01/08/2026,"Online Transfer from CHK ...0459 transaction#: 27627249685",35.56,ACCT_XFER,18100.39,,
CREDIT,01/08/2026,"Online Transfer from CHK ...0459 transaction#: 27627243487",36.00,ACCT_XFER,18064.83,,
CREDIT,01/08/2026,"Online Transfer from CHK ...0459 transaction#: 27627205180",40.35,ACCT_XFER,18028.83,,
CREDIT,01/08/2026,"Online Transfer from CHK ...0459 transaction#: 27627201306",44.95,ACCT_XFER,17988.48,,
DEBIT,01/07/2026,"GM Financial     GMF Pymt                   PPD ID: I522190781",-1487.10,ACH_DEBIT,17943.53,,
DEBIT,01/07/2026,"AMAZON MKTPL*E27M04W Amzn.com/bill WA        01/07",-26.49,DEBIT_CARD,19430.63,,
DEBIT,01/07/2026,"WOOFLES PREMIER PET R 412-249-8201 PA        01/06",-71.56,DEBIT_CARD,19457.12,,
DEBIT,01/07/2026,"AMAZON MKTPL*838479O Amzn.com/bill WA        01/07",-27.55,DEBIT_CARD,19528.68,,
DEBIT,01/07/2026,"Amazon.com*5446M9OI3 Amzn.com/bill WA        01/07",-29.46,DEBIT_CARD,19556.23,,
DEBIT,01/07/2026,"Amazon.com*C819T1573 Amzn.com/bill WA        01/07",-29.35,DEBIT_CARD,19585.69,,
DEBIT,01/07/2026,"EXPRESS WASH CONCEPTS 614-7519274 PA         01/05",-44.94,DEBIT_CARD,19615.04,,
DEBIT,01/06/2026,"PAYPAL           INST XFER  POKEMONCENT     WEB ID: PAYPALSI77",-48.14,ACH_DEBIT,19659.98,,
DEBIT,01/06/2026,"AMAZON MKTPL*ZT9FQ4F Amzn.com/bill WA        01/06",-56.38,DEBIT_CARD,19708.12,,
DEBIT,01/06/2026,"WOOFLES PREMIER PET R 412-249-8201 PA        01/05",-36.00,DEBIT_CARD,19764.50,,
DEBIT,01/06/2026,"WHOLEFDS SHL #10242 UPPER SAINT C PA         01/05",-240.74,DEBIT_CARD,19800.50,,
DEBIT,01/05/2026,"JFI*PREMIER MARTIAL AR justifi.ai PA         01/05",-194.00,DEBIT_CARD,20041.24,,
DEBIT,01/05/2026,"Online Payment 27185550180 To Northwest 01/05",-200.00,BILLPAY,20235.24,,
DEBIT,01/05/2026,"BJ'S FUEL #9388 BRIDGEVILLE PA               01/04",-68.25,DEBIT_CARD,20435.24,,
DEBIT,01/05/2026,"BJS WHOLESALE #388 BRIDGEVILLE PA            01/04",-242.20,DEBIT_CARD,20503.49,,
DEBIT,01/05/2026,"AMAZON MKTPL*8Q1YU3I Amzn.com/bill WA        01/05",-55.23,DEBIT_CARD,20745.69,,
DEBIT,01/05/2026,"WOOFLES PREMIER PET R 412-249-8201 PA        01/04",-36.00,DEBIT_CARD,20800.92,,
DEBIT,01/05/2026,"UBER *TRIP SAN FRANCISCO CA                  01/04",-29.96,DEBIT_CARD,20836.92,,
DEBIT,01/05/2026,"MARATHON 199661 CARNEGIE PA                  01/04",-10.00,DEBIT_CARD,20866.88,,
DEBIT,01/05/2026,"WENDYS 2361 BRIDGEVILLE PA                   01/04",-27.76,DEBIT_CARD,20876.88,,
DEBIT,01/05/2026,"UBER *TRIP SAN FRANCISCO CA                  01/04",-27.96,DEBIT_CARD,20904.64,,
DEBIT,01/05/2026,"MCDONALD'S F6822 BRIDGEVILLE PA              01/03",-32.25,DEBIT_CARD,20932.60,,
DEBIT,01/05/2026,"LOWES #00907* 866-483-7521 NC                01/05",-1476.66,DEBIT_CARD,20964.85,,
DEBIT,01/05/2026,"WOOFLES PREMIER PET R 412-249-8201 PA        01/03",-36.00,DEBIT_CARD,22441.51,,
DEBIT,01/05/2026,"THE HOME DEPOT #4160 BRIDGEVILLE PA  651356  01/03",-36.16,DEBIT_CARD,22477.51,,
DEBIT,01/05/2026,"THE ORIGINAL PANCAKE H PITTSBURGH PA         01/03",-63.06,DEBIT_CARD,22513.67,,
DEBIT,01/05/2026,"THE HOME DEPOT #4160 BRIDGEVILLE PA          01/03",-10.00,DEBIT_CARD,22576.73,,
DEBIT,01/05/2026,"CHEWY.COM 786-320-7111 FL                    01/04",-59.96,DEBIT_CARD,22586.73,,
DEBIT,01/05/2026,"McDonalds 6822 BRIDGEVILLE PA                01/03",-53.97,DEBIT_CARD,22646.69,,
DEBIT,01/05/2026,"WOOFLES PREMIER PET R 412-249-8201 PA        01/02",-36.00,DEBIT_CARD,22700.66,,
DEBIT,01/05/2026,"CANON HILL VETERINARY 724-7460128 PA         01/02",-1230.60,DEBIT_CARD,22736.66,,
DEBIT,01/05/2026,"BJS WHOLESALE #388 BRIDGEVILLE PA            01/02",-45.75,DEBIT_CARD,23967.26,,
DEBIT,01/05/2026,"IPHONE CITIZ*PMT 15 OF 888-2016306 CT        01/02",-62.41,DEBIT_CARD,24013.01,,
CREDIT,01/05/2026,"Online Transfer from CHK ...0459 transaction#: 27567007447",36.00,ACCT_XFER,24075.42,,
DEBIT,01/05/2026,"THE HOME DEPOT #4160 BRIDGEVILLE PA          01/03",10.00,DEBIT_CARD,24039.42,,
DEBIT,01/02/2026,"VERIZON*RECURRING PAY 800-VERIZON FL         01/02",-89.99,DEBIT_CARD,24029.42,,
DEBIT,01/02/2026,"APPLE.COM/BILL 866-712-7753 CA               01/02",-10.69,DEBIT_CARD,24119.41,,
DEBIT,01/02/2026,"DUNKIN #356242 412-321-0313 PA               01/01",-49.46,DEBIT_CARD,24130.10,,
DEBIT,01/02/2026,"NON-CHASE ATM WITHDRAW               344089  01/01160 MILLE",-403.50,ATM,24179.56,,
DEBIT,01/02/2026,"APPLECARD GSBANK PAYMENT    466580          WEB ID: 9999999999",-859.42,ACH_DEBIT,24583.06,,
DEBIT,01/02/2026,"BJS WHOLESALE #388 BRIDGEVILLE PA            12/31",-185.07,DEBIT_CARD,25442.48,,
DEBIT,01/02/2026,"BJ'S FUEL #9388 BRIDGEVILLE PA               12/31",-60.00,DEBIT_CARD,25627.55,,
DEBIT,01/02/2026,"WM.COM 866-909-4458 TX                       12/31",-225.65,DEBIT_CARD,25687.55,,
DEBIT,01/02/2026,"SP GRP SITE GENUINEREPLAC IL                 12/31",-555.79,DEBIT_CARD,25913.20,,
CREDIT,01/02/2026,"GOOGLE LLC       PAYROLL                    PPD ID: J770493581",3871.91,ACH_CREDIT,26468.99,,
DEBIT,12/31/2025,"DOMESTIC INCOMING WIRE FEE",-15.00,FEE_TRANSACTION,22597.08,,
DEBIT,12/31/2025,"Online Transfer to CHK ...0459 transaction#: 27529652842 12/31",-500.00,ACCT_XFER,22612.08,,
DEBIT,12/31/2025,"Online Transfer to SAV ...9301 transaction#: 27529630662 12/31",-4000.00,ACCT_XFER,23112.08,,
DEBIT,12/31/2025,"FirstEnergy      OPCO-ACH                   PPD ID: 1341968288",-502.84,ACH_DEBIT,27112.08,,
DEBIT,12/31/2025,"Kindle Svcs*CK3W51O93 888-802-3080 WA        12/31",-15.89,DEBIT_CARD,27614.92,,
DEBIT,12/31/2025,"Kindle Svcs*RL8S51HE3 888-802-3080 WA        12/31",-14.83,DEBIT_CARD,27630.81,,
DEBIT,12/31/2025,"Kindle Svcs*V21ID7KL3 888-802-3080 WA        12/31",-9.53,DEBIT_CARD,27645.64,,
DEBIT,12/31/2025,"WOOFLES PREMIER PET R 412-249-8201 PA        12/30",-33.00,DEBIT_CARD,27655.17,,
DEBIT,12/31/2025,"APPLE.COM/BILL 866-712-7753 CA               12/30",-10.69,DEBIT_CARD,27688.17,,
DEBIT,12/31/2025,"CANON HILL VETERINARY 724-7460128 PA         12/30",-300.00,DEBIT_CARD,27698.86,,
CREDIT,12/31/2025,"Online Transfer from CHK ...0459 transaction#: 27526741198",66.00,ACCT_XFER,27998.86,,
CREDIT,12/31/2025,"Online Transfer from CHK ...0459 transaction#: 27526717181",141.32,ACCT_XFER,27932.86,,
CREDIT,12/31/2025,"FEDWIRE CREDIT VIA: WELLS FARGO BANK, N.A./121000248 B/O: 1/ADAM BURSEY 3/US/BRIDGEVILLE,15017 2079,PA REF: CHASE NYC/CTR/BNF=ANN BURSEY OR ADAM DREW BURSEY BRIDGEVILLE PA 15017- 2079 US/AC-000009760616 RFB=NOTPROV IDED BBI=/CHGS/USD0,00/CHGS/USD0,00/ACC/9 76061674765 1/ADAM BURSEY 2/CELEBRA TION CIRCLE,1 IMAD: 1231I1B7032R012502 TRN: 0750561365FF",22308.64,WIRE_INCOMING,27791.54,,
DEBIT,12/30/2025,"APPLE.COM/BILL 866-712-7753 CA               12/30",-39.73,DEBIT_CARD,5482.90,,
DEBIT,12/30/2025,"Online Payment 27172616709 To Northwest 12/30",-200.00,BILLPAY,5522.63,,
DEBIT,12/30/2025,"APPLE.COM/BILL 866-712-7753 CA               12/30",-5.34,DEBIT_CARD,5722.63,,
DEBIT,12/30/2025,"APPLE.COM/BILL 866-712-7753 CA               12/30",-29.99,DEBIT_CARD,5727.97,,
DEBIT,12/30/2025,"WOOFLES PREMIER PET R 412-249-8201 PA        12/29",-33.00,DEBIT_CARD,5757.96,,
DEBIT,12/30/2025,"WM_USA SOUTH HILLS LAN SOUTH PARK PA         12/29",-183.60,DEBIT_CARD,5790.96,,
DEBIT,12/30/2025,"BJS WHOLESALE #388 BRIDGEVILLE PA            12/29",-51.61,DEBIT_CARD,5974.56,,
DEBIT,12/30/2025,"McDonalds 6822 BRIDGEVILLE PA                12/29",-41.15,DEBIT_CARD,6026.17,,
CREDIT,12/30/2025,"Online Transfer from SAV ...9301 transaction#: 27512014144",4000.00,ACCT_XFER,6067.32,,
DEBIT,12/29/2025,"Kindle Svcs*AC8ZP1NC3 888-802-3080 WA        12/29",-11.83,DEBIT_CARD,2067.32,,
DEBIT,12/29/2025,"Kindle Svcs*7J8BF6ZY3 888-802-3080 WA        12/29",-7.41,DEBIT_CARD,2079.15,,
DEBIT,12/29/2025,"BJ'SRESTAURANTS MOBIL 714-500-2400 CA        12/29",-82.47,DEBIT_CARD,2086.56,,
DEBIT,12/29/2025,"APPLE.COM/BILL 866-712-7753 CA               12/28",-8.55,DEBIT_CARD,2169.03,,
DEBIT,12/29/2025,"APPLE.COM/BILL 866-712-7753 CA               12/27",-12.83,DEBIT_CARD,2177.58,,
DEBIT,12/29/2025,"WOOFLES PREMIER PET R 412-249-8201 PA        12/26",-33.00,DEBIT_CARD,2190.41,,
DEBIT,12/29/2025,"LOWES #02417* CARNEGIE PA                    12/26",-66.00,DEBIT_CARD,2223.41,,
DEBIT,12/29/2025,"GOOGLE *Google One 855-836-3987 CA           12/27",-26.74,DEBIT_CARD,2289.41,,
DEBIT,12/29/2025,"Amazon.com*QM1HM7SM3 Amzn.com/bill WA        12/26",-180.19,DEBIT_CARD,2316.15,,
DEBIT,12/26/2025,"PAYPAL           INST XFER  STEAM GAMES     WEB ID: PAYPALSI77",-106.99,ACH_DEBIT,2496.34,,
DEBIT,12/26/2025,"Online Transfer to CHK ...4072 transaction#: 27474467209 12/26",-877.65,ACCT_XFER,2603.33,,
DEBIT,12/26/2025,"Online Transfer to CHK ...0459 transaction#: 27468992077 12/26",-877.65,ACCT_XFER,3480.98,,
DEBIT,12/26/2025,"APPLE.COM/BILL 866-712-7753 CA               12/26",-10.69,DEBIT_CARD,4358.63,,
DEBIT,12/26/2025,"PENNSYLVANIA-AME PAYMENT                    PPD ID: 7251008096",-203.63,ACH_DEBIT,4369.32,,
DEBIT,12/26/2025,"Kindle Svcs*IC55A4R93 888-802-3080 WA        12/25",-7.41,DEBIT_CARD,4572.95,,
DEBIT,12/26/2025,"BJS WHOLESALE #388 BRIDGEVILLE PA            12/24",-75.81,DEBIT_CARD,4580.36,,
DEBIT,12/26/2025,"GIANT EAGLE #1241 BRIDGEVILLE PA             12/24",-375.31,DEBIT_CARD,4656.17,,
DEBIT,12/26/2025,"COSTCO WHSE #0332 PITTSBURGH PA              12/24",-5.95,DEBIT_CARD,5031.48,,
DEBIT,12/26/2025,"COSTCO WHSE #0332 PITTSBURGH PA              12/24",-274.26,DEBIT_CARD,5037.43,,
DEBIT,12/26/2025,"CANON HILL VETERINARY 724-7460128 PA         12/24",-410.00,DEBIT_CARD,5311.69,,
DEBIT,12/26/2025,"ROBINSON ANIMAL HOSPI MCKEES ROCKS PA        12/23",-30.80,DEBIT_CARD,5721.69,,
CREDIT,12/26/2025,"Online Transfer from CHK ...0459 transaction#: 27469076321",33.00,ACCT_XFER,5752.49,,
DEBIT,12/24/2025,"SOUTH FAYETTE MA PAYMENTS   0001006617.2    WEB ID: 1251250775",-144.20,ACH_DEBIT,5719.49,,
DEBIT,12/24/2025,"EARNEST NRI MO   AUTOPAY                    PPD ID: H431261525",-753.49,ACH_DEBIT,5863.69,,
DEBIT,12/24/2025,"SALLY BEAUTY #0493 BRIDGEVILLE PA            12/23",-95.16,DEBIT_CARD,6617.18,,
DEBIT,12/24/2025,"WOOFLES PREMIER PET R 412-249-8201 PA        12/23",-33.00,DEBIT_CARD,6712.34,,
DEBIT,12/24/2025,"LOWES #02417* CARNEGIE PA                    12/23",-137.93,DEBIT_CARD,6745.34,,
DEBIT,12/23/2025,"CVS/PHARMACY #03 03999 CARNEGIE PA   664226  12/23",-33.56,DEBIT_CARD,6883.27,,
DEBIT,12/23/2025,"PAYPAL           INST XFER  ADOBE INC ADOBE WEB ID: PAYPALSI77",-42.39,ACH_DEBIT,6916.83,,
DEBIT,12/23/2025,"ATT              PAYMENT                    PPD ID: 9864031004",-344.78,MISC_DEBIT,6959.22,,
DEBIT,12/23/2025,"WOOFLES PREMIER PET R 412-249-8201 PA        12/22",-33.00,DEBIT_CARD,7304.00,,
DEBIT,12/23/2025,"APPLE.COM/BILL 866-712-7753 CA               12/22",-5.34,DEBIT_CARD,7337.00,,
DEBIT,12/23/2025,"APPLE.COM/BILL 866-712-7753 CA               12/22",-21.39,DEBIT_CARD,7342.34,,
DEBIT,12/23/2025,"APPLE.COM/BILL 866-712-7753 CA               12/22",-53.49,DEBIT_CARD,7363.73,,
CREDIT,12/23/2025,"Online Transfer from CHK ...0459 transaction#: 27434355560",66.00,ACCT_XFER,7417.22,,
CREDIT,12/22/2025,"INTEREST PAYMENT",0.09,MISC_CREDIT,7351.22,,
DEBIT,12/22/2025,"WITHDRAWAL 12/22",-1960.00,MISC_DEBIT,7351.13,,
DEBIT,12/22/2025,"SP A SWEET MORSEL CO 172-46813865 PA         12/22",-134.91,DEBIT_CARD,9311.13,,
DEBIT,12/22/2025,"CHASE CREDIT CRD AUTOPAY                    PPD ID: 4760039224",-152.49,ACH_DEBIT,9446.04,,
DEBIT,12/22/2025,"SQ *TWELVE27 SALON Pittsburgh PA             12/21",-525.00,DEBIT_CARD,9598.53,,
DEBIT,12/22/2025,"APPLE.COM/BILL 866-712-7753 CA               12/21",-5.34,DEBIT_CARD,10123.53,,
DEBIT,12/22/2025,"WOOFLES PREMIER PET R 412-249-8201 PA        12/20",-33.00,DEBIT_CARD,10128.87,,
DEBIT,12/22/2025,"TARGET T-2787 PITTSBURGH PA                  12/20",-26.74,DEBIT_CARD,10161.87,,
DEBIT,12/22/2025,"SQ *FLAMERS Pittsburgh PA                    12/20",-11.49,DEBIT_CARD,10188.61,,
DEBIT,12/22/2025,"HOT TOPIC 0495 PITTSBURGH PA                 12/20",-92.15,DEBIT_CARD,10200.10,,
DEBIT,12/22/2025,"SQ *FLAMERS Pittsburgh PA                    12/20",-19.75,DEBIT_CARD,10292.25,,
DEBIT,12/22/2025,"MINISO SOUTH HILLS VILL PITTSBURGH PA        12/20",-79.10,DEBIT_CARD,10312.00,,
DEBIT,12/22/2025,"ELECTRIFY AMERICA 833-6322778 VA             12/20",-8.40,DEBIT_CARD,10391.10,,
DEBIT,12/22/2025,"PEOPLES NATURAL  GAS BILL                   PPD ID: 9849096001",-188.12,ACH_DEBIT,10399.50,,
DEBIT,12/22/2025,"ADVS ED SERV PPD STUDNTLOAN                 PPD ID: 9102001101",-660.76,ACH_DEBIT,10587.62,,
DEBIT,12/22/2025,"CHEWY.COM 786-320-7111 FL                    12/21",-59.96,DEBIT_CARD,11248.38,,
DEBIT,12/22/2025,"APPLE.COM/BILL 866-712-7753 CA               12/20",-53.49,DEBIT_CARD,11308.34,,
DEBIT,12/22/2025,"WOOFLES PREMIER PET R 412-249-8201 PA        12/19",-33.00,DEBIT_CARD,11361.83,,
DEBIT,12/22/2025,"BJ'S FUEL #9388 BRIDGEVILLE PA               12/19",-86.60,DEBIT_CARD,11394.83,,
DEBIT,12/22/2025,"JFI*PREMIER MARTIAL AR justifi.ai PA         12/19",-80.24,DEBIT_CARD,11481.43,,
DEBIT,12/22/2025,"AMAZON MKTPL*830UA9U Amzn.com/bill WA        12/20",-27.76,DEBIT_CARD,11561.67,,
CREDIT,12/22/2025,"Online Transfer from CHK ...0459 transaction#: 27402187883",33.00,ACCT_XFER,11589.43,,
DEBIT,12/19/2025,"PAYPAL           INST XFER  ETSY INC        WEB ID: PAYPALSI77",-37.83,ACH_DEBIT,11556.43,,
DEBIT,12/19/2025,"NON-CHASE ATM WITHDRAW               328576  12/19160 MILLE",-38.50,ATM,11594.26,,
DEBIT,12/19/2025,"NETFLIX.COM NETFLIX.COM CA                   12/19",-26.74,DEBIT_CARD,11632.76,,
DEBIT,12/19/2025,"Kindle Svcs*WD71947S3 888-802-3080 WA        12/18",-7.41,DEBIT_CARD,11659.50,,
DEBIT,12/19/2025,"IKEA PITTSBURGH PITTSBURGH PA                12/18",-74.86,DEBIT_CARD,11666.91,,
DEBIT,12/19/2025,"SQ *CHOCOLATE BOUTIQUE Pittsburgh PA         12/18",-49.98,DEBIT_CARD,11741.77,,
DEBIT,12/19/2025,"DUNKIN #356242 412-321-0313 PA               12/18",-9.47,DEBIT_CARD,11791.75,,
DEBIT,12/19/2025,"DUNKIN #356242 412-321-0313 PA               12/18",-11.05,DEBIT_CARD,11801.22,,
DEBIT,12/19/2025,"AMAZON MKTPL*P255D9Y Amzn.com/bill WA        12/18",-211.99,DEBIT_CARD,11812.27,,
DEBIT,12/19/2025,"AMAZON MKTPL*5848F1V Amzn.com/bill WA        12/18",-80.55,DEBIT_CARD,12024.26,,
CREDIT,12/19/2025,"Online Transfer from CHK ...0459 transaction#: 27387767110",33.00,ACCT_XFER,12104.81,,
CREDIT,12/19/2025,"GOOGLE LLC       PAYROLL                    PPD ID: J770493581",1755.30,ACH_CREDIT,12071.81,,
CREDIT,12/19/2025,"GOOGLE LLC       PAYROLL                    PPD ID: J770493581",5034.28,ACH_CREDIT,10316.51,,
DEBIT,12/18/2025,"MARKET DISTRICT #0014 BETHEL PARK PA         12/18",-273.40,DEBIT_CARD,5282.23,,
DEBIT,12/18/2025,"TARGET T-2787 PITTSBURGH PA                  12/18",-201.35,DEBIT_CARD,5555.63,,
DEBIT,12/18/2025,"PORTMAN FARMS INC BRIDGEVILLE PA             12/17",-58.58,DEBIT_CARD,5756.98,,
DEBIT,12/18/2025,"DUNKIN' MOBILE 800-447-0013 MA               12/17",-25.00,DEBIT_CARD,5815.56,,
DEBIT,12/17/2025,"BJS WHOLESALE #3 4000 BRIDGEVILLE PA 049352  12/17",-422.00,DEBIT_CARD,5840.56,,
DEBIT,12/17/2025,"PPC PAINTS 9785 CARNEGIE PA          551105  12/17",-238.64,DEBIT_CARD,6262.56,,
DEBIT,12/17/2025,"CONNECTED HEALTH WWW.CONNECTED PA            12/17",-477.00,DEBIT_CARD,6501.20,,
DEBIT,12/17/2025,"Amazon.com*FY0D12AX3 Amzn.com/bill WA        12/17",-59.36,DEBIT_CARD,6978.20,,
DEBIT,12/17/2025,"APPLE.COM/BILL 866-712-7753 CA               12/16",-21.39,DEBIT_CARD,7037.56,,
DEBIT,12/17/2025,"LOWES #00907* 866-483-7521 NC                12/16",-24.05,DEBIT_CARD,7058.95,,
CREDIT,12/17/2025,"Online Transfer from CHK ...0459 transaction#: 27364885462",20.00,ACCT_XFER,7083.00,,
DEBIT,12/16/2025,"HOMEGOODS #0524 PITTSBURGH PA                12/16",-28.86,DEBIT_CARD,7063.00,,
DEBIT,12/16/2025,"PAYPAL           INST XFER  STEAM GAMES     WEB ID: PAYPALSI77",-21.39,ACH_DEBIT,7091.86,,
DEBIT,12/16/2025,"PAYPAL           INST XFER  TRADERJACKS     WEB ID: PAYPALSI77",-60.00,ACH_DEBIT,7113.25,,
DEBIT,12/16/2025,"PAYPAL           INST XFER  TRADERJACKS     WEB ID: PAYPALSI77",-140.00,ACH_DEBIT,7173.25,,
DEBIT,12/16/2025,"PAYPAL           INST XFER  TRADERJACKS     WEB ID: PAYPALSI77",-200.00,ACH_DEBIT,7313.25,,
DEBIT,12/16/2025,"BJS WHOLESALE #3 4000 BRIDGEVILLE PA 296397  12/16",-85.49,DEBIT_CARD,7513.25,,
DEBIT,12/16/2025,"APPLE.COM/BILL 866-712-7753 CA               12/16",-8.55,DEBIT_CARD,7598.74,,
DEBIT,12/16/2025,"CHASE CREDIT CRD AUTOPAY                    PPD ID: 4760039224",-132.00,ACH_DEBIT,7607.29,,
DEBIT,12/16/2025,"AMAZON MKTPL*4P5XP6Z Amzn.com/bill WA        12/16",-10.59,DEBIT_CARD,7739.29,,
DEBIT,12/16/2025,"Kindle Svcs*593O78JM3 888-802-3080 WA        12/16",-2.11,DEBIT_CARD,7749.88,,
DEBIT,12/16/2025,"BJS WHOLESALE #388 BRIDGEVILLE PA            12/15",-126.89,DEBIT_CARD,7751.99,,
DEBIT,12/16/2025,"TEXAS ROADHOUSE #2293 O olo.com PA           12/15",-147.30,DEBIT_CARD,7878.88,,
DEBIT,12/16/2025,"WOOFLES PREMIER PET R 412-249-8201 PA        12/15",-33.00,DEBIT_CARD,8026.18,,
DEBIT,12/16/2025,"DROPBOX FAX ONE TIME HELLOSIGN.COM CA        12/15",-1.05,DEBIT_CARD,8059.18,,
DEBIT,12/16/2025,"DUNKIN #356242 412-321-0313 PA               12/15",-40.54,DEBIT_CARD,8060.23,,
DEBIT,12/16/2025,"WWW.CVS.COM 888-607-4287 RI                  12/15",-6.41,DEBIT_CARD,8100.77,,
DEBIT,12/16/2025,"AMAZON MKTPL*A836M67 Amzn.com/bill WA        12/15",-20.13,DEBIT_CARD,8107.18,,
DEBIT,12/16/2025,"AMAZON MKTPL*NP32S2O Amzn.com/bill WA        12/15",-5.30,DEBIT_CARD,8127.31,,
DEBIT,12/16/2025,"AMAZON MKTPL*OR2GB33 Amzn.com/bill WA        12/15",-14.84,DEBIT_CARD,8132.61,,
DEBIT,12/16/2025,"AMAZON MKTPL*2L6V12R Amzn.com/bill WA        12/16",-42.88,DEBIT_CARD,8147.45,,
DEBIT,12/15/2025,"NEWREZ-SHELLPOIN ACH PMT                    PPD ID: 6371542226",-2100.13,ACH_DEBIT,8190.33,,
DEBIT,12/15/2025,"SOERGEL GREENHOUSES WEXFORD PA               12/15",-315.69,DEBIT_CARD,10290.46,,
DEBIT,12/15/2025,"WWW.CVS.COM 888-607-4287 RI                  12/14",-25.64,DEBIT_CARD,10606.15,,
DEBIT,12/15/2025,"APPLE.COM/BILL 866-712-7753 CA               12/14",-7.48,DEBIT_CARD,10631.79,,
DEBIT,12/15/2025,"Kindle Svcs*7G7F83WE3 888-802-3080 WA        12/14",-7.41,DEBIT_CARD,10639.27,,
DEBIT,12/15/2025,"APPLE.COM/BILL 866-712-7753 CA               12/14",-21.04,DEBIT_CARD,10646.68,,
DEBIT,12/15/2025,"TARGET.COM BROOKLYN PARK MN                  12/13",-10.81,DEBIT_CARD,10667.72,,
DEBIT,12/15/2025,"BJS.COM EXP 800-257-2582 MA                  12/13",-138.74,DEBIT_CARD,10678.53,,
DEBIT,12/15/2025,"EXPRESS WASH CONCEPTS BRIDGEVILLE PA         12/13",-42.80,DEBIT_CARD,10817.27,,
DEBIT,12/15/2025,"TARGET.COM BROOKLYN PARK MN                  12/12",-54.04,DEBIT_CARD,10860.07,,
DEBIT,12/15/2025,"AMAZON MKTPL*C11OY7D Amzn.com/bill WA        12/13",-49.75,DEBIT_CARD,10914.11,,
DEBIT,12/15/2025,"CONNECT BY AMFAM AUTO 800-535-2001 WI        12/13",-322.60,DEBIT_CARD,10963.86,,
DEBIT,12/15/2025,"GOOGLE *YouTubePremi g.co/helppay# CA        12/12",-24.60,DEBIT_CARD,11286.46,,
DEBIT,12/15/2025,"APPLE.COM/BILL 866-712-7753 CA               12/12",-3.20,DEBIT_CARD,11311.06,,
DEBIT,12/15/2025,"AMAZON MKTPL*P30HZ02 Amzn.com/bill WA        12/12",-50.35,DEBIT_CARD,11314.26,,
DEBIT,12/15/2025,"AMAZON MKTPL*0G09X1A Amzn.com/bill WA        12/12",-29.20,DEBIT_CARD,11364.61,,
CREDIT,12/15/2025,"Online Transfer from CHK ...0459 transaction#: 27335199628",33.00,ACCT_XFER,11393.81,,
CREDIT,12/15/2025,"Online Transfer from CHK ...0459 transaction#: 27334892318",42.80,ACCT_XFER,11360.81,,
CREDIT,12/15/2025,"Online Transfer from CHK ...0459 transaction#: 27334946594",58.86,ACCT_XFER,11318.01,,
DEBIT,12/12/2025,"PAYPAL           INST XFER  GRP SITE        WEB ID: PAYPALSI77",-460.44,ACH_DEBIT,11259.15,,
DEBIT,12/12/2025,"TARGET T-2787 PITTSBURGH PA                  12/12",-407.16,DEBIT_CARD,11719.59,,
DEBIT,12/12/2025,"MICROSOFT*REALMS JAV MICROSOFT.COM WA        12/12",-8.55,DEBIT_CARD,12126.75,,
DEBIT,12/12/2025,"MICROSOFT*REALMS JAVA MSBILL.INFO WA         12/12",-8.55,DEBIT_CARD,12135.30,,
DEBIT,12/12/2025,"WOOFLES PREMIER PET R 412-249-8201 PA        12/11",-33.00,DEBIT_CARD,12143.85,,
DEBIT,12/12/2025,"CANON HILL VETERINARY 724-7460128 PA         12/11",-70.00,DEBIT_CARD,12176.85,,
DEBIT,12/12/2025,"CANON HILL VETERINARY 724-7460128 PA         12/11",-519.00,DEBIT_CARD,12246.85,,
DEBIT,12/12/2025,"DNH*GODADDY 480-505-8855 AZ                  12/11",-52.98,DEBIT_CARD,12765.85,,
CREDIT,12/12/2025,"Online Transfer from CHK ...0459 transaction#: 27304476080",23.30,ACCT_XFER,12818.83,,
CREDIT,12/12/2025,"Online Transfer from CHK ...0459 transaction#: 27304464389",30.00,ACCT_XFER,12795.53,,
DEBIT,12/11/2025,"CONNECTED HEALTH WWW.CONNECTED PA            12/11",-240.00,DEBIT_CARD,12765.53,,
DEBIT,12/11/2025,"Amazon.com*FP43B00Y3 AMZN.COM/BILL WA        12/11",-69.99,DEBIT_CARD,13005.53,,
DEBIT,12/11/2025,"WOOFLES PREMIER PET R 412-249-8201 PA        12/10",-64.75,DEBIT_CARD,13075.52,,
DEBIT,12/11/2025,"SQ *CHOCOLATE BOUTIQUE Pittsburgh PA         12/10",-70.37,DEBIT_CARD,13140.27,,
DEBIT,12/11/2025,"SEPHORA SOUTH HILLS VI PITTSBURGH PA         12/10",-86.89,DEBIT_CARD,13210.64,,
DEBIT,12/11/2025,"KITTRIDGE DERMATOLOGY 412-3470947 PA         12/10",-400.00,DEBIT_CARD,13297.53,,
DEBIT,12/11/2025,"ROBINSON ANIMAL HOSPI MCKEES ROCKS PA        12/09",-215.40,DEBIT_CARD,13697.53,,
DEBIT,12/10/2025,"PAYPAL           INST XFER  STEAM GAMES     WEB ID: PAYPALSI77",-21.38,ACH_DEBIT,13912.93,,
DEBIT,12/10/2025,"TARGET T-2787 PITTSBURGH PA                  12/10",-67.11,DEBIT_CARD,13934.31,,
DEBIT,12/10/2025,"VICTORIA'S SECRET 0028 PITTSBURGH PA 989148  12/10",-296.24,DEBIT_CARD,14001.42,,
DEBIT,12/10/2025,"APPLE.COM/BILL 866-712-7753 CA               12/10",-12.83,DEBIT_CARD,14297.66,,
DEBIT,12/10/2025,"APPLE.COM/BILL 866-712-7753 CA               12/10",-10.68,DEBIT_CARD,14310.49,,
DEBIT,12/10/2025,"BJ'S FUEL #9388 BRIDGEVILLE PA               12/09",-81.84,DEBIT_CARD,14321.17,,
DEBIT,12/10/2025,"WOOFLES PREMIER PET R 412-249-8201 PA        12/09",-33.00,DEBIT_CARD,14403.01,,
DEBIT,12/09/2025,"PAYPAL           INST XFER  STEAM GAMES     WEB ID: PAYPALSI77",-64.19,ACH_DEBIT,14436.01,,
DEBIT,12/09/2025,"Online Transfer to CHK ...0459 transaction#: 27266241728 12/09",-500.00,ACCT_XFER,14500.20,,
DEBIT,12/09/2025,"COMCAST-XFINITY  CABLE SVCS                 PPD ID: 0000213249",-40.00,ACH_DEBIT,15000.20,,
DEBIT,12/09/2025,"SOLAR SERVICING  SURE PAY                   PPD ID: CSCSM67178",-220.80,ACH_DEBIT,15040.20,,
DEBIT,12/09/2025,"BJS WHOLESALE #388 BRIDGEVILLE PA            12/08",-162.32,DEBIT_CARD,15261.00,,
DEBIT,12/09/2025,"GRIMSTUDIO* TICKETS- WWW.GRIMOIREA MA        12/08",-41.67,DEBIT_CARD,15423.32,,
DEBIT,12/08/2025,"Online Payment 26859994581 To Washington Financial Bank 12/08",-6345.06,BILLPAY,15464.99,,
DEBIT,12/08/2025,"BMWFINANCIAL SVS BMWFS PYMT                 PPD ID: 1222568977",-760.30,ACH_DEBIT,21810.05,,
DEBIT,12/08/2025,"GM Financial     GMF Pymt                   PPD ID: I522190781",-1487.10,ACH_DEBIT,22570.35,,
DEBIT,12/08/2025,"APPLE.COM/BILL 866-712-7753 CA               12/07",-10.69,DEBIT_CARD,24057.45,,
DEBIT,12/08/2025,"CHEWY.COM 786-320-7111 FL                    12/07",-59.96,DEBIT_CARD,24068.14,,
DEBIT,12/08/2025,"APPLE.COM/BILL 866-712-7753 CA               12/07",-32.09,DEBIT_CARD,24128.10,,
DEBIT,12/08/2025,"APPLE.COM/BILL 866-712-7753 CA               12/07",-106.99,DEBIT_CARD,24160.19,,
DEBIT,12/08/2025,"APPLE.COM/BILL 866-712-7753 CA               12/07",-106.99,DEBIT_CARD,24267.18,,
DEBIT,12/08/2025,"CARNEGIE SCIENCE CENTER PITTSBURGH PA        12/06",-6.00,DEBIT_CARD,24374.17,,
DEBIT,12/08/2025,"APPLE.COM/BILL 866-712-7753 CA               12/06",-5.34,DEBIT_CARD,24380.17,,
DEBIT,12/08/2025,"APPLE.COM/BILL 866-712-7753 CA               12/06",-16.04,DEBIT_CARD,24385.51,,
DEBIT,12/08/2025,"APPLE.COM/BILL 866-712-7753 CA               12/06",-53.49,DEBIT_CARD,24401.55,,
DEBIT,12/08/2025,"DUNKIN #356242 412-321-0313 PA               12/06",-17.37,DEBIT_CARD,24455.04,,
DEBIT,12/08/2025,"Prime Video *BI8R37WL 888-802-3080 WA        12/06",-6.35,DEBIT_CARD,24472.41,,
DEBIT,12/08/2025,"WOOFLES PREMIER PET R 412-249-8201 PA        12/05",-33.00,DEBIT_CARD,24478.76,,
DEBIT,12/08/2025,"AMAZON MKTPL*BI9BK1S Amzn.com/bill WA        12/06",-25.43,DEBIT_CARD,24511.76,,
DEBIT,12/08/2025,"AMAZON MKTPL*IZ02O3W Amzn.com/bill WA        12/06",-36.48,DEBIT_CARD,24537.19,,
DEBIT,12/08/2025,"CONVENTION CTR GARAGE PITTSBURGH PA          12/05",-15.00,DEBIT_CARD,24573.67,,
DEBIT,12/08/2025,"LEVY@ 2DAVID L LAWRENC PITTSBURGH PA         12/05",-12.96,DEBIT_CARD,24588.67,,
DEBIT,12/08/2025,"SQ *LITTLE JOY GALLERY Pittsburgh PA         12/05",-56.65,DEBIT_CARD,24601.63,,
DEBIT,12/08/2025,"SP BECAUSE SCIENCE 120-22481366 MD           12/05",-57.24,DEBIT_CARD,24658.28,,
DEBIT,12/08/2025,"LEVY@ 2DAVID L LAWRENC PITTSBURGH PA         12/05",-9.78,DEBIT_CARD,24715.52,,
DEBIT,12/08/2025,"DUNKIN' MOBILE 800-447-0013 MA               12/05",-10.00,DEBIT_CARD,24725.30,,
DEBIT,12/08/2025,"AMAZON MKTPL*BI2W87U Amzn.com/bill WA        12/05",-72.06,DEBIT_CARD,24735.30,,
DEBIT,12/08/2025,"ROBINSON ANIMAL HOSPI MCKEES ROCKS PA        12/04",-55.40,DEBIT_CARD,24807.36,,
CREDIT,12/08/2025,"SCHWAB BANK      P2P        ADAM BURSEY     WEB ID: 3615220001",9.00,ACH_CREDIT,24862.76,,
DEBIT,12/05/2025,"PAYPAL           INST XFER  STEAM GAMES     WEB ID: PAYPALSI77",-64.19,ACH_DEBIT,24853.76,,
DEBIT,12/05/2025,"JFI*PREMIER MARTIAL AR justifi.ai PA         12/05",-194.00,DEBIT_CARD,24917.95,,
DEBIT,12/05/2025,"APPLE.COM/BILL 866-712-7753 CA               12/05",-1.06,DEBIT_CARD,25111.95,,
DEBIT,12/05/2025,"APPLE.COM/BILL 866-712-7753 CA               12/05",-5.34,DEBIT_CARD,25113.01,,
DEBIT,12/05/2025,"APPLE.COM/BILL 866-712-7753 CA               12/05",-32.09,DEBIT_CARD,25118.35,,
DEBIT,12/05/2025,"MCDONALD'S F6822 BRIDGEVILLE PA              12/04",-25.31,DEBIT_CARD,25150.44,,
DEBIT,12/05/2025,"Prime Video *BI1WP6SR 888-802-3080 WA        12/05",-25.45,DEBIT_CARD,25175.75,,
DEBIT,12/05/2025,"Prime Video *BI8VD40E 888-802-3080 WA        12/05",-3.17,DEBIT_CARD,25201.20,,
DEBIT,12/05/2025,"GIANT EAGLE #1241 BRIDGEVILLE PA             12/04",-193.22,DEBIT_CARD,25204.37,,
DEBIT,12/05/2025,"CANON HILL VETERINARY 724-7460128 PA         12/04",-107.00,DEBIT_CARD,25397.59,,
CREDIT,12/05/2025,"PAYPAL           TRANSFER                   PPD ID: PAYPALSD11",64.19,ACH_CREDIT,25504.59,,
CREDIT,12/05/2025,"GOOGLE LLC       PAYROLL                    PPD ID: J770493581",5034.27,ACH_CREDIT,25440.40,,
DEBIT,12/04/2025,"NON-CHASE ATM WITHDRAW               361348  12/04160 MILLE",-503.50,ATM,20406.13,,
DEBIT,12/04/2025,"Prime Video *BI3B38LF 888-802-3080 WA        12/03",-3.17,DEBIT_CARD,20909.63,,
DEBIT,12/04/2025,"WOOFLES PREMIER PET R 412-249-8201 PA        12/03",-33.00,DEBIT_CARD,20912.80,,
DEBIT,12/04/2025,"BJS WHOLESALE #388 BRIDGEVILLE PA            12/03",-455.77,DEBIT_CARD,20945.80,,
DEBIT,12/04/2025,"PEACE OF MIND PSYCHIAT 412-3197866 PA        12/03",-20.00,DEBIT_CARD,21401.57,,
DEBIT,12/04/2025,"AMAZON MKTPL*BI3U218 Amzn.com/bill WA        12/04",-36.45,DEBIT_CARD,21421.57,,
DEBIT,12/03/2025,"Online Payment 26847938730 To Northwest 12/03",-200.00,BILLPAY,21458.02,,
DEBIT,12/03/2025,"CARNEGIE SCIENCE CENT 412-237-3413 PA        12/03",-36.00,DEBIT_CARD,21658.02,,
DEBIT,12/03/2025,"TST*THE MILKSHAKE FACT Bridgeville PA        12/02",-16.25,DEBIT_CARD,21694.02,,
DEBIT,12/03/2025,"WOOFLES PREMIER PET R 412-249-8201 PA        12/02",-33.00,DEBIT_CARD,21710.27,,
DEBIT,12/03/2025,"CANON HILL VETERINARY 724-7460128 PA         12/02",-267.00,DEBIT_CARD,21743.27,,
DEBIT,12/03/2025,"IPHONE CITIZ*PMT 14 OF 888-2016306 CT        12/02",-62.41,DEBIT_CARD,22010.27,,
DEBIT,12/02/2025,"Online Payment 26776594617 To Northwest 12/02",-200.00,BILLPAY,22072.68,,
DEBIT,12/02/2025,"NEWBURY NEIGHBOR Assn Dues  61317844        WEB ID: HOAPAYMENT",-128.00,ACH_DEBIT,22272.68,,
DEBIT,12/02/2025,"FirstEnergy      OPCO-ACH                   PPD ID: 1341968288",-383.61,ACH_DEBIT,22400.68,,
DEBIT,12/02/2025,"VERIZON*RECURRING PAY 800-VERIZON FL         12/02",-89.99,DEBIT_CARD,22784.29,,
DEBIT,12/02/2025,"Kindle Svcs*BI1I33OS2 888-802-3080 WA        12/02",-8.47,DEBIT_CARD,22874.28,,
DEBIT,12/02/2025,"Amazon.com*BB3GE3761 Amzn.com/bill WA        12/02",-29.35,DEBIT_CARD,22882.75,,
DEBIT,12/02/2025,"Amazon.com*BB4P47HO0 Amzn.com/bill WA        12/02",-27.18,DEBIT_CARD,22912.10,,
DEBIT,12/02/2025,"WOOFLES PREMIER PET R 412-249-8201 PA        12/01",-33.00,DEBIT_CARD,22939.28,,
DEBIT,12/02/2025,"AMAZON MKTPL*BB5ZB1H Amzn.com/bill WA        12/02",-53.40,DEBIT_CARD,22972.28,,
DEBIT,12/02/2025,"BJ'S FUEL #9388 BRIDGEVILLE PA               12/01",-91.18,DEBIT_CARD,23025.68,,
DEBIT,12/02/2025,"AMAZON MKTPL*BB1CH3R Amzn.com/bill WA        12/01",-22.25,DEBIT_CARD,23116.86,,
DEBIT,12/01/2025,"DOMESTIC INCOMING WIRE FEE",-15.00,FEE_TRANSACTION,23139.11,,
DEBIT,12/01/2025,"PAYPAL           INST XFER  ROBLOX CORPORAT WEB ID: PAYPALSI77",-4.99,ACH_DEBIT,23154.11,,
DEBIT,12/01/2025,"PAYPAL           INST XFER  ROBLOX CORPORAT WEB ID: PAYPALSI77",-19.99,ACH_DEBIT,23159.10,,
DEBIT,12/01/2025,"PAYPAL           INST XFER  ABCOUNSELINGNOW WEB ID: PAYPALSI77",-125.00,ACH_DEBIT,23179.09,,
DEBIT,12/01/2025,"Online Transfer to  SAV ...8999 transaction#: 26782317928",-200.00,ACCT_XFER,23304.09,,
DEBIT,12/01/2025,"Online Transfer to  SAV ...5337 transaction#: 26781907080",-200.00,ACCT_XFER,23504.09,,
DEBIT,12/01/2025,"Online Transfer to  SAV ...5329 transaction#: 26778933094",-200.00,ACCT_XFER,23704.09,,
DEBIT,12/01/2025,"APPLECARD GSBANK PAYMENT    466580          WEB ID: 9999999999",-192.77,ACH_DEBIT,23904.09,,
DEBIT,12/01/2025,"SALLY BEAUTY #0493 BRIDGEVILLE PA            11/30",-71.09,DEBIT_CARD,24096.86,,
DEBIT,12/01/2025,"TRAX FARMS FINLEYVILLE PA                    11/30",-191.06,DEBIT_CARD,24167.95,,
DEBIT,12/01/2025,"APPLE.COM/BILL 866-712-7753 CA               11/30",-39.73,DEBIT_CARD,24359.01,,
DEBIT,12/01/2025,"APPLE.COM/BILL 866-712-7753 CA               11/30",-29.99,DEBIT_CARD,24398.74,,
DEBIT,12/01/2025,"Amazon.com*BB8EI2SL2 Amzn.com/bill WA        12/01",-27.29,DEBIT_CARD,24428.73,,
DEBIT,12/01/2025,"WOOFLES PREMIER PET R 412-249-8201 PA        11/29",-33.00,DEBIT_CARD,24456.02,,
DEBIT,12/01/2025,"TARGET.COM BROOKLYN PARK MN                  11/29",-12.53,DEBIT_CARD,24489.02,,
DEBIT,12/01/2025,"TARGET.COM BROOKLYN PARK MN                  11/29",-1.79,DEBIT_CARD,24501.55,,
DEBIT,12/01/2025,"TARGET.COM BROOKLYN PARK MN                  11/29",-60.84,DEBIT_CARD,24503.34,,
DEBIT,12/01/2025,"DUNKIN' MOBILE 800-447-0013 MA               11/29",-20.00,DEBIT_CARD,24564.18,,
DEBIT,12/01/2025,"PENNSYLVANIA-AME PAYMENT                    PPD ID: 7251008096",-171.33,ACH_DEBIT,24584.18,,
DEBIT,12/01/2025,"WOOFLES PREMIER PET R 412-249-8201 PA        11/28",-33.00,DEBIT_CARD,24755.51,,
DEBIT,12/01/2025,"AMAZON MKTPL*BB9LE04 Amzn.com/bill WA        11/28",-12.71,DEBIT_CARD,24788.51,,
CREDIT,12/01/2025,"FEDWIRE CREDIT VIA: WELLS FARGO BANK, N.A./121000248 B/O: 1/ADAM BURSEY 3/US/BRIDGEVILLE,15017 2079,PA REF: CHASE NYC/CTR/BNF=ANN BURSEY OR ADAM DREW BURSEY BRIDGEVILLE PA 15017- 2079 US/AC-000009760616 RFB=NOTPROV IDED BBI=/CHGS/USD0,00/CHGS/USD0,00/ACC/9 76061674765 1/ADAM BURSEY 2/CELEBRA TION CIRCLE,1 IMAD: 1201I1B7033R007500 TRN: 0441851335FF",20183.03,WIRE_INCOMING,24801.22,,
DEBIT,11/28/2025,"APPLE.COM/BILL 866-712-7753 CA               11/28",-8.55,DEBIT_CARD,4618.19,,
DEBIT,11/28/2025,"Prime Video *B297P9YS 888-802-3080 WA        11/27",-26.49,DEBIT_CARD,4626.74,,
DEBIT,11/28/2025,"APPLE.COM/BILL 866-712-7753 CA               11/27",-32.08,DEBIT_CARD,4653.23,,
DEBIT,11/28/2025,"APPLE.COM/BILL 866-712-7753 CA               11/27",-12.83,DEBIT_CARD,4685.31,,
DEBIT,11/28/2025,"SOUTH FAYETTE MA PAYMENTS   0001006617.2    WEB ID: 1251250775",-139.41,ACH_DEBIT,4698.14,,
DEBIT,11/28/2025,"WOOFLES PREMIER PET R 412-249-8201 PA        11/26",-33.00,DEBIT_CARD,4837.55,,
DEBIT,11/28/2025,"DUNKIN #356242 412-321-0313 PA               11/26",-24.33,DEBIT_CARD,4870.55,,
DEBIT,11/28/2025,"GOOGLE *Google One 855-836-3987 CA           11/27",-26.74,DEBIT_CARD,4894.88,,
DEBIT,11/26/2025,"APPLE.COM/BILL 866-712-7753 CA               11/26",-10.69,DEBIT_CARD,4921.62,,
DEBIT,11/26/2025,"APPLE.COM/BILL 866-712-7753 CA               11/26",-4.24,DEBIT_CARD,4932.31,,
DEBIT,11/26/2025,"AMAZON MKTPL*B25O36K Amzn.com/bill WA        11/26",-141.93,DEBIT_CARD,4936.55,,
DEBIT,11/26/2025,"BJS WHOLESALE #388 BRIDGEVILLE PA            11/25",-67.06,DEBIT_CARD,5078.48,,
DEBIT,11/26/2025,"BJ'S FUEL #9388 BRIDGEVILLE PA               11/25",-43.33,DEBIT_CARD,5145.54,,
DEBIT,11/26/2025,"WOOFLES LITTLES 412-249-8201 PA              11/25",-33.00,DEBIT_CARD,5188.87,,
DEBIT,11/26/2025,"WENDYS 2361 BRIDGEVILLE PA                   11/25",-20.73,DEBIT_CARD,5221.87,,
DEBIT,11/26/2025,"CANON HILL VETERINARY 724-7460128 PA         11/25",-2.00,DEBIT_CARD,5242.60,,
DEBIT,11/26/2025,"MARKET DISTRICT #0014 800-553-2324 PA        11/25",-196.72,DEBIT_CARD,5244.60,,
DEBIT,11/26/2025,"DUNKIN' MOBILE 800-447-0013 MA               11/25",-11.00,DEBIT_CARD,5441.32,,
DEBIT,11/26/2025,"OPTICAL.BJS.COM 800-257-2582 MA              11/25",-199.98,DEBIT_CARD,5452.32,,
CREDIT,11/26/2025,"Online Transfer from SAV ...9301 transaction#: 27100200346",5000.00,ACCT_XFER,5652.30,,
CREDIT,11/25/2025,"INTEREST PAYMENT",0.08,MISC_CREDIT,652.30,,
DEBIT,11/25/2025,"ATM WITHDRAWAL                       000824  11/251163 WASH",-1280.00,ATM,652.22,,
DEBIT,11/25/2025,"PAYPAL           INST XFER  STEAM GAMES     WEB ID: PAYPALSI77",-21.39,ACH_DEBIT,1932.22,,
DEBIT,11/25/2025,"VENMO *Giovanni Romeo Visa Direct NY         11/24",-615.00,DEBIT_CARD,1953.61,,
DEBIT,11/25/2025,"WOOFLES PREMIER PET R 412-249-8201 PA        11/24",-33.00,DEBIT_CARD,2568.61,,
DEBIT,11/25/2025,"CANON HILL VETERINARY 724-7460128 PA         11/24",-626.50,DEBIT_CARD,2601.61,,
DEBIT,11/25/2025,"DUNKIN #356242 412-321-0313 PA               11/24",-30.27,DEBIT_CARD,3228.11,,
DEBIT,11/25/2025,"BJS.COM #5490 800-257-2582 MA                11/24",-376.02,DEBIT_CARD,3258.38,,
DEBIT,11/25/2025,"KITTRIDGE DERMATOLOGY PITTSBURGH PA          11/24",-205.44,DEBIT_CARD,3634.40,,
DEBIT,11/25/2025,"KITTRIDGE DERMATOLOGY PITTSBURGH PA          11/24",-135.00,DEBIT_CARD,3839.84,,
DEBIT,11/24/2025,"PAYPAL           INST XFER  INSTACART COSTC WEB ID: PAYPALSI77",-243.80,ACH_DEBIT,3974.84,,
DEBIT,11/24/2025,"NON-CHASE ATM WITHDRAW               356664  11/24160 MILLE",-123.50,ATM,4218.64,,
DEBIT,11/24/2025,"PAYPAL           INST XFER  ADOBE INC ADOBE WEB ID: PAYPALSI77",-42.39,ACH_DEBIT,4342.14,,
DEBIT,11/24/2025,"EARNEST NRI MO   AUTOPAY                    PPD ID: H431261525",-753.49,ACH_DEBIT,4384.53,,
DEBIT,11/24/2025,"BJS WHOLESALE #388 BRIDGEVILLE PA            11/23",-15.31,DEBIT_CARD,5138.02,,
DEBIT,11/24/2025,"PANERA BREAD #202342 412-220-7512 PA         11/24",-93.37,DEBIT_CARD,5153.33,,
DEBIT,11/24/2025,"AMAZON MKTPL*B22UF0Z Amzn.com/bill WA        11/23",-10.06,DEBIT_CARD,5246.70,,
DEBIT,11/24/2025,"WOOFLES PREMIER PET R 412-249-8201 PA        11/22",-33.00,DEBIT_CARD,5256.76,,
DEBIT,11/24/2025,"AMAZON MKTPL*B05RZ09 Amzn.com/bill WA        11/23",-58.43,DEBIT_CARD,5289.76,,
DEBIT,11/24/2025,"AMAZON MKTPL*B27G124 Amzn.com/bill WA        11/23",-25.31,DEBIT_CARD,5348.19,,
DEBIT,11/24/2025,"TRACTOR SUPPLY C 121 W N FAYETTE PA  952792  11/22",-79.15,DEBIT_CARD,5373.50,,
DEBIT,11/24/2025,"TRACTOR SUPPLY # 460 W WASHINGTON PA 561608  11/22",-176.69,DEBIT_CARD,5452.65,,
DEBIT,11/24/2025,"LOWE'S #2417 CARNEGIE PA             921040  11/22",-35.08,DEBIT_CARD,5629.34,,
DEBIT,11/24/2025,"ROBINSON ANIMAL HOSPI MCKEES ROCKS PA        11/22",-81.40,DEBIT_CARD,5664.42,,
DEBIT,11/24/2025,"CHEWY.COM 786-320-7111 FL                    11/22",-59.96,DEBIT_CARD,5745.82,,
DEBIT,11/24/2025,"Kindle Svcs*B050S46R0 888-802-3080 WA        11/22",-4.23,DEBIT_CARD,5805.78,,
DEBIT,11/24/2025,"WOOFLES PREMIER PET R 412-249-8201 PA        11/21",-33.00,DEBIT_CARD,5810.01,,
DEBIT,11/24/2025,"CANON HILL VETERINARY 724-7460128 PA         11/21",-117.00,DEBIT_CARD,5843.01,,
DEBIT,11/24/2025,"DUNKIN' MOBILE 800-447-0013 MA               11/21",-25.00,DEBIT_CARD,5960.01,,
DEBIT,11/21/2025,"ATT              PAYMENT                    PPD ID: 9864031004",-353.32,MISC_DEBIT,5985.01,,
DEBIT,11/21/2025,"CANON HILL VETERINARY 724-7460128 PA         11/20",-649.00,DEBIT_CARD,6338.33,,
DEBIT,11/21/2025,"WOOFLES PREMIER PET R 412-249-8201 PA        11/20",-33.00,DEBIT_CARD,6987.33,,
DEBIT,11/21/2025,"PY *HANDMADE ARCADE 412-204-6279 PA          11/20",-108.89,DEBIT_CARD,7020.33,,
CREDIT,11/21/2025,"GOOGLE LLC       PAYROLL                    PPD ID: J770493581",5034.28,ACH_CREDIT,7129.22,,
DEBIT,11/20/2025,"WALGREENS STORE 2055 O CARNEGIE PA   118248  11/20",-26.67,DEBIT_CARD,2094.94,,
DEBIT,11/20/2025,"ADVS ED SERV PPD STUDNTLOAN                 PPD ID: 9102001101",-660.76,ACH_DEBIT,2121.61,,
DEBIT,11/20/2025,"Prime Video *B041181J 888-802-3080 WA        11/20",-10.59,DEBIT_CARD,2782.37,,
DEBIT,11/20/2025,"BJS WHOLESALE #388 BRIDGEVILLE PA            11/19",-189.79,DEBIT_CARD,2792.96,,
DEBIT,11/20/2025,"WOOFLES PREMIER PET R 412-249-8201 PA        11/19",-33.00,DEBIT_CARD,2982.75,,
CREDIT,11/20/2025,"SCHWAB BANK      P2P        ADAM BURSEY     WEB ID: 3615220001",33.00,ACH_CREDIT,3015.75,,
DEBIT,11/19/2025,"Netflix.com 408-5403700 CA                   11/19",-26.74,DEBIT_CARD,2982.75,,
DEBIT,11/19/2025,"WOOFLES PREMIER PET R 412-249-8201 PA        11/18",-33.00,DEBIT_CARD,3009.49,,
DEBIT,11/19/2025,"Amazon.com*B070P6TX1 Amzn.com/bill WA        11/18",-70.22,DEBIT_CARD,3042.49,,
DEBIT,11/18/2025,"TARGET T-2787 PITTSBURGH PA                  11/18",-153.55,DEBIT_CARD,3112.71,,
DEBIT,11/18/2025,"PEOPLES NATURAL  GAS BILL                   PPD ID: 9849096001",-93.16,ACH_DEBIT,3266.26,,
DEBIT,11/18/2025,"WOOFLES PREMIER PET R 412-249-8201 PA        11/17",-33.00,DEBIT_CARD,3359.42,,
DEBIT,11/18/2025,"BARNES & NOBLE #2233 PITTSBURGH PA           11/17",-193.89,DEBIT_CARD,3392.42,,
DEBIT,11/18/2025,"BJ'S FUEL #9388 BRIDGEVILLE PA               11/17",-91.26,DEBIT_CARD,3586.31,,
DEBIT,11/18/2025,"CANON HILL VETERINARY 724-7460128 PA         11/17",-222.00,DEBIT_CARD,3677.57,,
DEBIT,11/18/2025,"AMAZON MKTPL*B06DO0O Amzn.com/bill WA        11/18",-50.35,DEBIT_CARD,3899.57,,
DEBIT,11/18/2025,"THE HOME DEPOT #4160 BRIDGEVILLE PA          11/16",-300.00,DEBIT_CARD,3949.92,,
DSLIP,11/18/2025,"REMOTE ONLINE DEPOSIT #          1",10.00,CHECK_DEPOSIT,4249.92,1,
DEBIT,11/18/2025,"THE HOME DEPOT #4160 BRIDGEVILLE PA          11/16",127.73,DEBIT_CARD,4239.92,,
DEBIT,11/17/2025,"PAYPAL           INST XFER  HOME DEPOT      WEB ID: PAYPALSI77",-100.74,ACH_DEBIT,4112.19,,
DEBIT,11/17/2025,"NEWREZ-SHELLPOIN ACH PMT                    PPD ID: 6371542226",-2100.24,ACH_DEBIT,4212.93,,
DEBIT,11/17/2025,"TRACTOR SUPPLY # 460 W WASHINGTON PA 595349  11/17",-265.34,DEBIT_CARD,6313.17,,
DEBIT,11/17/2025,"PAYPAL           INST XFER  STEAM GAMES     WEB ID: PAYPALSI77",-23.88,ACH_DEBIT,6578.51,,
DEBIT,11/17/2025,"CHASE CREDIT CRD AUTOPAY                    PPD ID: 4760039224",-131.00,ACH_DEBIT,6602.39,,
DEBIT,11/17/2025,"CONNECTED HEALTH WWW.CONNECTED PA            11/17",-477.00,DEBIT_CARD,6733.39,,
DEBIT,11/17/2025,"BJS WHOLESALE #388 BRIDGEVILLE PA            11/16",-76.73,DEBIT_CARD,7210.39,,
DEBIT,11/17/2025,"MCDONALD'S F6822 BRIDGEVILLE PA              11/16",-15.38,DEBIT_CARD,7287.12,,
DEBIT,11/17/2025,"BJ'S FUEL #9388 BRIDGEVILLE PA               11/16",-6.71,DEBIT_CARD,7302.50,,
DEBIT,11/17/2025,"APPLE.COM/BILL 866-712-7753 CA               11/16",-8.55,DEBIT_CARD,7309.21,,
DEBIT,11/17/2025,"APPLE.COM/BILL 866-712-7753 CA               11/16",-5.34,DEBIT_CARD,7317.76,,
DEBIT,11/17/2025,"PLAZA AZTECA PITTSBURGH PITTSBURGH PA        11/15",-49.00,DEBIT_CARD,7323.10,,
DEBIT,11/17/2025,"BJS.COM EXP 800-257-2582 MA                  11/15",-24.98,DEBIT_CARD,7372.10,,
DEBIT,11/17/2025,"NON-CHASE ATM WITHDRAW               348673  11/15173 MILLE",-423.50,ATM,7397.08,,
DEBIT,11/17/2025,"BJS WHOLESALE #388 BRIDGEVILLE PA            11/14",-98.72,DEBIT_CARD,7820.58,,
DEBIT,11/17/2025,"PADDLE.NET* ROGUEAMOEB PADDLE.COM NY         11/14",-14.98,DEBIT_CARD,7919.30,,
DEBIT,11/17/2025,"PADDLE.NET* ROGUEAMOEB PADDLE.COM NY         11/14",-73.83,DEBIT_CARD,7934.28,,
DEBIT,11/17/2025,"WOOFLES PREMIER PET R 412-249-8201 PA        11/14",-33.00,DEBIT_CARD,8008.11,,
DEBIT,11/14/2025,"PAYPAL           INST XFER  STEAM GAMES     WEB ID: PAYPALSI77",-19.43,ACH_DEBIT,8041.11,,
DEBIT,11/14/2025,"PAYPAL           INST XFER  PAYPROUSINC     WEB ID: PAYPALSI77",-21.20,ACH_DEBIT,8060.54,,
CHECK,11/14/2025,"CHECK 1658  ",-183.38,CHECK_PAID,8081.74,1658,
DEBIT,11/14/2025,"Online Transfer 26954500061 to Investor Checking ...444 ########6444 transaction #: 26954500061 11/14",-500.00,ACCT_XFER,8265.12,,
DEBIT,11/14/2025,"PAYPAL           INST XFER  PYPL PAYIN4     WEB ID: PAYPALSI88",-154.34,ACH_DEBIT,8765.12,,
DEBIT,11/14/2025,"APPLE.COM/BILL 866-712-7753 CA               11/14",-21.04,DEBIT_CARD,8919.46,,
DEBIT,11/14/2025,"WOOFLES PREMIER PET R 412-249-8201 PA        11/13",-33.00,DEBIT_CARD,8940.50,,
DEBIT,11/14/2025,"CONNECT BY AMFAM AUTO 800-535-2001 WI        11/13",-322.60,DEBIT_CARD,8973.50,,
DEBIT,11/13/2025,"FAIRFIELD LANDSC ASPIREACH  202649863740    WEB ID: 0383913206",-485.00,ACH_DEBIT,9296.10,,
DEBIT,11/13/2025,"APPLE.COM/BILL 866-712-7753 CA               11/13",-4.27,DEBIT_CARD,9781.10,,
DEBIT,11/13/2025,"APPLE.COM/BILL 866-712-7753 CA               11/13",-7.48,DEBIT_CARD,9785.37,,
DEBIT,11/13/2025,"APPLE.COM/BILL 866-712-7753 CA               11/13",-5.34,DEBIT_CARD,9792.85,,
DEBIT,11/13/2025,"WOOFLES PREMIER PET R 412-249-8201 PA        11/12",-33.00,DEBIT_CARD,9798.19,,
DEBIT,11/13/2025,"DUNKIN #362852 412-321-0313 PA               11/12",-9.69,DEBIT_CARD,9831.19,,
DEBIT,11/13/2025,"GOOGLE *YouTubePremi g.co/helppay# CA        11/12",-24.60,DEBIT_CARD,9840.88,,
DEBIT,11/13/2025,"APPLE.COM/BILL 866-712-7753 CA               11/12",-3.20,DEBIT_CARD,9865.48,,
DEBIT,11/13/2025,"KITTRIDGE DERMATOLOGY PITTSBURGH PA          11/12",-320.00,DEBIT_CARD,9868.68,,
DEBIT,11/13/2025,"AMAZON MKTPL*BT9OO09 Amzn.com/bill WA        11/12",-29.20,DEBIT_CARD,10188.68,,
CREDIT,11/13/2025,"SCHWAB BANK      P2P        ADAM BURSEY     WEB ID: 3615220001",33.00,ACH_CREDIT,10217.88,,
DEBIT,11/12/2025,"MICROSOFT*REALMS JAV MICROSOFT.COM WA        11/12",-8.55,DEBIT_CARD,10184.88,,
DEBIT,11/12/2025,"PAYPAL           INST XFER  HORSEEDUCAT     WEB ID: PAYPALSI77",-100.00,ACH_DEBIT,10193.43,,
DEBIT,11/12/2025,"MICROSOFT*REALMS JAV MICROSOFT.COM WA        11/12",-8.55,DEBIT_CARD,10293.43,,
DEBIT,11/12/2025,"AMAZON MKTPL*B84IQ2A Amzn.com/bill WA        11/12",-25.43,DEBIT_CARD,10301.98,,
DEBIT,11/12/2025,"AMAZON MKTPL*B81J183 Amzn.com/bill WA        11/12",-19.86,DEBIT_CARD,10327.41,,
DEBIT,11/12/2025,"WOOFLES PREMIER PET R 412-249-8201 PA        11/11",-33.00,DEBIT_CARD,10347.27,,
DEBIT,11/12/2025,"TRACTOR SUPPLY #1150 WASHINGTON PA           11/11",-134.08,DEBIT_CARD,10380.27,,
DEBIT,11/12/2025,"DNH*GODADDY 480-505-8855 AZ                  11/11",-52.98,DEBIT_CARD,10514.35,,
DEBIT,11/12/2025,"ATM WITHDRAWAL                       006925  11/111163 WASH",-560.00,ATM,10567.33,,
DEBIT,11/12/2025,"CONNECTED HEALTH WWW.CONNECTED PA            11/11",-240.00,DEBIT_CARD,11127.33,,
DEBIT,11/12/2025,"Amazon.com*BT7KE4MC2 AMZN.COM/BILL WA        11/11",-70.00,DEBIT_CARD,11367.33,,
DEBIT,11/12/2025,"APPLE.COM/BILL 866-712-7753 CA               11/11",-19.25,DEBIT_CARD,11437.33,,
DEBIT,11/12/2025,"APPLE.COM/BILL 866-712-7753 CA               11/11",-16.04,DEBIT_CARD,11456.58,,
DEBIT,11/12/2025,"APPLE.COM/BILL 866-712-7753 CA               11/11",-10.69,DEBIT_CARD,11472.62,,
DEBIT,11/12/2025,"APPLE.COM/BILL 866-712-7753 CA               11/11",-10.69,DEBIT_CARD,11483.31,,
DEBIT,11/12/2025,"WOOFLES PREMIER PET R 412-249-8201 PA        11/10",-33.00,DEBIT_CARD,11494.00,,
DEBIT,11/12/2025,"LOFT 0961 SOUTH HILLS V PITTSBURGH PA        11/10",-159.94,DEBIT_CARD,11527.00,,
DEBIT,11/12/2025,"HOT TOPIC 0495 PITTSBURGH PA                 11/10",-182.00,DEBIT_CARD,11686.94,,
DEBIT,11/12/2025,"ALTAR'D STATE #191 PITTSBURGH PA             11/10",-223.00,DEBIT_CARD,11868.94,,
DEBIT,11/12/2025,"GAP OUTLET US 7150 PITTSBURGH PA             11/10",-85.98,DEBIT_CARD,12091.94,,
DEBIT,11/12/2025,"AMAZON MKTPL*B85WT5O Amzn.com/bill WA        11/11",-51.91,DEBIT_CARD,12177.92,,
DEBIT,11/12/2025,"MARKET DISTRICT #0014 800-553-2324 PA        11/10",-172.14,DEBIT_CARD,12229.83,,
DSLIP,11/12/2025,"Cash Redemption",2.55,DEPOSIT,12401.97,,
DEBIT,11/10/2025,"TARGET T-2787 PITTSBURGH PA                  11/10",-95.21,DEBIT_CARD,12399.42,,
DEBIT,11/10/2025,"APPLE.COM/BILL 866-712-7753 CA               11/10",-12.83,DEBIT_CARD,12494.63,,
DEBIT,11/10/2025,"COMCAST-XFINITY  CABLE SVCS                 PPD ID: 0000213249",-40.00,ACH_DEBIT,12507.46,,
DEBIT,11/10/2025,"PAYPAL           INST XFER  INSTACART COSTC WEB ID: PAYPALSI77",-602.37,ACH_DEBIT,12547.46,,
DEBIT,11/10/2025,"AMAZON MKTPL*BT10T6I Amzn.com/bill WA        11/10",-26.50,DEBIT_CARD,13149.83,,
DEBIT,11/10/2025,"AMAZON MKTPL*BT65V6R Amzn.com/bill WA        11/10",-37.49,DEBIT_CARD,13176.33,,
DEBIT,11/10/2025,"BJS WHOLESALE #388 BRIDGEVILLE PA            11/09",-16.64,DEBIT_CARD,13213.82,,
DEBIT,11/10/2025,"SQ *TWELVE27 SALON Pittsburgh PA             11/09",-617.50,DEBIT_CARD,13230.46,,
DEBIT,11/10/2025,"BJS.COM #5490 800-257-2582 MA                11/09",-193.15,DEBIT_CARD,13847.96,,
DEBIT,11/10/2025,"CHEWY.COM 786-320-7111 FL                    11/09",-59.96,DEBIT_CARD,14041.11,,
DEBIT,11/10/2025,"AMAZON MKTPL*BT7LC36 Amzn.com/bill WA        11/09",-65.90,DEBIT_CARD,14101.07,,
DEBIT,11/10/2025,"KRISPY KREME 0365 WASHINGTON PA              11/08",-38.18,DEBIT_CARD,14166.97,,
DEBIT,11/10/2025,"IKEA PITTSBURGH PITTSBURGH PA                11/08",-19.24,DEBIT_CARD,14205.15,,
DEBIT,11/10/2025,"SOLAR SERVICING  SURE PAY                   PPD ID: CSCSM67178",-220.80,ACH_DEBIT,14224.39,,
DEBIT,11/10/2025,"BMWFINANCIAL SVS BMWFS PYMT                 PPD ID: 1222568977",-760.30,ACH_DEBIT,14445.19,,
DEBIT,11/10/2025,"BJ'S FUEL #9388 BRIDGEVILLE PA               11/07",-84.34,DEBIT_CARD,15205.49,,
DEBIT,11/10/2025,"WOOFLES PREMIER PET R 412-249-8201 PA        11/07",-33.00,DEBIT_CARD,15289.83,,
DEBIT,11/10/2025,"APPLE.COM/BILL 866-712-7753 CA               11/07",-10.69,DEBIT_CARD,15322.83,,
DEBIT,11/10/2025,"TRAX FARMS FINLEYVILLE PA                    11/07",-8.47,DEBIT_CARD,15333.52,,
DEBIT,11/10/2025,"TRAX FARMS FINLEYVILLE PA                    11/07",-104.94,DEBIT_CARD,15341.99,,
DEBIT,11/10/2025,"ROBINSON ANIMAL HOSPI MCKEES ROCKS PA        11/07",-433.43,DEBIT_CARD,15446.93,,
DEBIT,11/10/2025,"AMAZON MKTPL*BT3KZ3O Amzn.com/bill WA        11/08",-158.34,DEBIT_CARD,15880.36,,
DEBIT,11/10/2025,"SHANTI BLISS WELLNESS ALLENTOWN PA           11/07",20.00,DEBIT_CARD,16038.70,,
DEBIT,11/10/2025,"SHANTI BLISS WELLNESS ALLENTOWN PA           11/07",20.00,DEBIT_CARD,16018.70,,
DEBIT,11/10/2025,"SHANTI BLISS WELLNESS ALLENTOWN PA           11/07",20.00,DEBIT_CARD,15998.70,,
DEBIT,11/07/2025,"TRACTOR SUPPLY # 6244 FINLEYVILLE PA 308356  11/07",-275.44,DEBIT_CARD,15978.70,,
DEBIT,11/07/2025,"GM Financial     GMF Pymt                   PPD ID: I522190781",-1487.10,ACH_DEBIT,16254.14,,
DEBIT,11/07/2025,"IC* INSTACART INSTACART.COM CA               11/07",-130.46,DEBIT_CARD,17741.24,,
DEBIT,11/07/2025,"TST*PASTA TOO Bethel Park PA                 11/06",-35.45,DEBIT_CARD,17871.70,,
DEBIT,11/07/2025,"WOOFLES PREMIER PET R 412-249-8201 PA        11/06",-33.00,DEBIT_CARD,17907.15,,
CREDIT,11/07/2025,"GOOGLE LLC       PAYROLL                    PPD ID: J770493581",585.10,ACH_CREDIT,17940.15,,
CREDIT,11/07/2025,"GOOGLE LLC       PAYROLL                    PPD ID: J770493581",5034.27,ACH_CREDIT,17355.05,,
DEBIT,11/06/2025,"PAYPAL           INST XFER  STEAM GAMES     WEB ID: PAYPALSI77",-32.08,ACH_DEBIT,12320.78,,
DEBIT,11/06/2025,"Online Payment 26499291574 To Washington Financial Bank 11/06",-5931.76,BILLPAY,12352.86,,
DEBIT,11/06/2025,"BJS WHOLESALE #388 BRIDGEVILLE PA            11/05",-162.62,DEBIT_CARD,18284.62,,
DEBIT,11/06/2025,"WOOFLES PREMIER PET R 412-249-8201 PA        11/05",-33.00,DEBIT_CARD,18447.24,,
CREDIT,11/06/2025,"SCHWAB BANK      P2P        ADAM BURSEY     WEB ID: 3615220001",33.00,ACH_CREDIT,18480.24,,
DEBIT,11/05/2025,"JFI*PREMIER MARTIAL AR justifi.ai PA         11/05",-194.00,DEBIT_CARD,18447.24,,
DEBIT,11/05/2025,"Online Payment 26448309534 To Northwest 11/05",-200.00,BILLPAY,18641.24,,
DEBIT,11/05/2025,"Online Transfer 26845714616 to Investor Checking ...444 ########6444 transaction #: 26845714616 11/05",-500.00,ACCT_XFER,18841.24,,
DEBIT,11/05/2025,"Kindle Svcs*BT7FS0FO0 888-802-3080 WA        11/05",-5.29,DEBIT_CARD,19341.24,,
DEBIT,11/05/2025,"Kindle Svcs*NK7MM4HX2 888-802-3080 WA        11/05",-5.29,DEBIT_CARD,19346.53,,
DEBIT,11/05/2025,"WOOFLES PREMIER PET R 412-249-8201 PA        11/04",-70.45,DEBIT_CARD,19351.82,,
DEBIT,11/05/2025,"Amazon.com*NK1EK3HP2 Amzn.com/bill WA        11/05",-36.36,DEBIT_CARD,19422.27,,
DEBIT,11/05/2025,"Amazon.com*NK1WW9H72 Amzn.com/bill WA        11/05",-28.15,DEBIT_CARD,19458.63,,
DEBIT,11/05/2025,"KITTRIDGE DERMATOLOGY PITTSBURGH PA          11/04",-334.00,DEBIT_CARD,19486.78,,
DEBIT,11/05/2025,"AMAZON MKTPL*BT4S53O Amzn.com/bill WA        11/05",-28.19,DEBIT_CARD,19820.78,,
DEBIT,11/05/2025,"MINISO SOUTH HILLS VILL PITTSBURGH PA        11/03",-43.98,DEBIT_CARD,19848.97,,
DEBIT,11/04/2025,"TRACTOR SUPPLY # 460 W WASHINGTON PA 030039  11/04",-467.85,DEBIT_CARD,19892.95,,
DEBIT,11/04/2025,"APPLE.COM/BILL 800-275-2273 CA               11/04",-37.42,DEBIT_CARD,20360.80,,
DEBIT,11/04/2025,"Online Transfer to  CHK ...4072 transaction#: 26757966733 11/04",-500.00,ACCT_XFER,20398.22,,
DEBIT,11/04/2025,"BJS WHOLESALE #388 BRIDGEVILLE PA            11/03",-194.18,DEBIT_CARD,20898.22,,
DEBIT,11/04/2025,"HOT TOPIC 0495 PITTSBURGH PA                 11/03",-151.00,DEBIT_CARD,21092.40,,
DEBIT,11/04/2025,"WOOFLES PREMIER PET R 412-249-8201 PA        11/03",-33.00,DEBIT_CARD,21243.40,,
DEBIT,11/04/2025,"ST CLAIR ORTHOPEDIC ASS PITTSBURGH PA        11/03",-30.00,DEBIT_CARD,21276.40,,
DEBIT,11/04/2025,"Amazon.com*NK4XR7211 Amzn.com/bill WA        11/03",-29.18,DEBIT_CARD,21306.40,,
DEBIT,11/03/2025,"DOMESTIC INCOMING WIRE FEE",-15.00,FEE_TRANSACTION,21335.58,,
DEBIT,11/03/2025,"PAYPAL           INST XFER  STEAM GAMES     WEB ID: PAYPALSI77",-10.69,ACH_DEBIT,21350.58,,
DEBIT,11/03/2025,"Online Transfer to SAV ...9301 transaction#: 26826677848 11/03",-4100.00,ACCT_XFER,21361.27,,
DEBIT,11/03/2025,"VERIZON*RECURRING PAY 800-VERIZON FL         11/03",-89.99,DEBIT_CARD,25461.27,,
DEBIT,11/03/2025,"TST*NOBBYS PIZZERIA 412-276-0800 PA          11/03",-104.67,DEBIT_CARD,25551.26,,
DEBIT,11/03/2025,"RAISING CANES 0933 SOUTH FAYETTE PA          11/02",-19.98,DEBIT_CARD,25655.93,,
DEBIT,11/03/2025,"IPHONE CITIZ*PMT 13 OF 888-2016306 CT        11/02",-62.41,DEBIT_CARD,25675.91,,
DEBIT,11/03/2025,"SALLY BEAUTY #0493 BRIDGEVILLE PA            11/01",-78.04,DEBIT_CARD,25738.32,,
DEBIT,11/03/2025,"ROBINSON ANIMAL HOSPI MCKEES ROCKS PA        11/01",-86.20,DEBIT_CARD,25816.36,,
DEBIT,11/03/2025,"APPLECARD GSBANK PAYMENT    466580          WEB ID: 9999999999",-178.49,ACH_DEBIT,25902.56,,
DEBIT,11/03/2025,"WOOFLES PREMIER PET R 412-249-8201 PA        10/31",-33.00,DEBIT_CARD,26081.05,,
CREDIT,11/03/2025,"FEDWIRE CREDIT VIA: WELLS FARGO BANK, N.A./121000248 B/O: 1/ADAM BURSEY 3/US/BRIDGEVILLE,15017 2079,PA REF: CHASE NYC/CTR/BNF=ANN BURSEY OR ADAM DREW BURSEY BRIDGEVILLE PA 15017- 2079 US/AC-000009760616 RFB=NOTPROV IDED BBI=/CHGS/USD0,00/CHGS/USD0,00/ACC/9 76061674765 1/ADAM BURSEY 2/CELEBRA TION CIRCLE,1 IMAD: 1103I1B7033R007495 TRN: 0419041307FF",22505.31,WIRE_INCOMING,26114.05,,
DEBIT,10/31/2025,"Online Transfer to  SAV ...8999 transaction#: 26420911924",-200.00,ACCT_XFER,3608.74,,
DEBIT,10/31/2025,"Online Transfer to  SAV ...5329 transaction#: 26418319056",-200.00,ACCT_XFER,3808.74,,
DEBIT,10/31/2025,"Online Transfer to  SAV ...5337 transaction#: 26420286783",-200.00,ACCT_XFER,4008.74,,
DEBIT,10/31/2025,"Online Payment 26416316513 To Northwest 10/31",-200.00,BILLPAY,4208.74,,
DEBIT,10/31/2025,"BJS WHOLESALE #388 BRIDGEVILLE PA            10/30",-200.05,DEBIT_CARD,4408.74,,
DEBIT,10/31/2025,"WOOFLES PREMIER PET R 412-249-8201 PA        10/30",-33.00,DEBIT_CARD,4608.79,,
DEBIT,10/31/2025,"SPIRIT HALLOWEEN 6074 609-703-8292 PA        10/30",-113.00,DEBIT_CARD,4641.79,,
DEBIT,10/31/2025,"BJS.COM EXP 800-257-2582 MA                  10/30",-60.56,DEBIT_CARD,4754.79,,
DEBIT,10/31/2025,"APPLE.COM/BILL 866-712-7753 CA               10/30",-39.73,DEBIT_CARD,4815.35,,
CREDIT,10/31/2025,"Online Transfer from SAV ...9301 transaction#: 26787768031",2000.00,ACCT_XFER,4855.08,,
DSLIP,10/31/2025,"REMOTE ONLINE DEPOSIT #          1",50.00,CHECK_DEPOSIT,2855.08,1,
DEBIT,10/30/2025,"ONLINE DOMESTIC WIRE FEE",-25.00,FEE_TRANSACTION,2805.08,,
DEBIT,10/30/2025,"MARKET DISTRICT 7000 O BETHEL PARK PA070512  10/30",-434.97,DEBIT_CARD,2830.08,,
DEBIT,10/30/2025,"ONLINE DOMESTIC WIRE TRANSFER VIA: ADAMS GETTYSBURG/031309945 A/C: HORSES DESERVE A SECOND CHANCE GARDNERS PA 17324 US IMAD: 1030MMQFMP2K008202 TRN: 3025225303ES 10/30",-4100.00,WIRE_OUTGOING,3265.05,,
DEBIT,10/30/2025,"APPLE.COM/BILL 866-712-7753 CA               10/30",-37.42,DEBIT_CARD,7365.05,,
DEBIT,10/30/2025,"APPLE.COM/BILL 866-712-7753 CA               10/30",-29.99,DEBIT_CARD,7402.47,,
DEBIT,10/30/2025,"Kindle Svcs*N479C3MI2 888-802-3080 WA        10/30",-5.29,DEBIT_CARD,7432.46,,
DEBIT,10/30/2025,"Amazon.com*NK9MD3FT1 Amzn.com/bill WA        10/30",-86.43,DEBIT_CARD,7437.75,,
DEBIT,10/30/2025,"WOOFLES PREMIER PET R 412-249-8201 PA        10/29",-33.00,DEBIT_CARD,7524.18,,
DEBIT,10/30/2025,"SHADY ACRES SADDLERY PITTSBURGH PA           10/29",-311.16,DEBIT_CARD,7557.18,,
CREDIT,10/30/2025,"SCHWAB BANK      P2P        ADAM BURSEY     WEB ID: 3615220001",33.00,ACH_CREDIT,7868.34,,
DEBIT,10/29/2025,"Online Transfer to CHK ...4072 transaction#: 26757932995 10/29",-800.00,ACCT_XFER,7835.34,,
DEBIT,10/29/2025,"PAYPAL           INST XFER  PYPL PAYIN4     WEB ID: PAYPALSI88",-154.35,ACH_DEBIT,8635.34,,
DEBIT,10/29/2025,"FirstEnergy      OPCO-ACH                   PPD ID: 1341968288",-386.73,ACH_DEBIT,8789.69,,
DEBIT,10/29/2025,"BJ'S FUEL #9388 BRIDGEVILLE PA               10/28",-93.97,DEBIT_CARD,9176.42,,
DEBIT,10/29/2025,"McDonalds 6822 BRIDGEVILLE PA                10/28",-10.79,DEBIT_CARD,9270.39,,
DEBIT,10/29/2025,"AMAZON MKTPL*N43SU23 Amzn.com/bill WA        10/28",-98.31,DEBIT_CARD,9281.18,,
CREDIT,10/29/2025,"Online Transfer from SAV ...9301 transaction#: 26761714052",4100.00,ACCT_XFER,9379.49,,
DEBIT,10/28/2025,"BJS WHOLESALE #3 4000 BRIDGEVILLE PA 094732  10/28",-187.29,DEBIT_CARD,5279.49,,
DEBIT,10/28/2025,"PENNSYLVANIA-AME PAYMENT                    PPD ID: 7251008096",-165.68,ACH_DEBIT,5466.78,,
DEBIT,10/28/2025,"SOUTH FAYETTE MA PAYMENTS   0001006617.2    WEB ID: 1251250775",-172.91,ACH_DEBIT,5632.46,,
DEBIT,10/28/2025,"APPLE.COM/BILL 866-712-7753 CA               10/28",-8.55,DEBIT_CARD,5805.37,,
DEBIT,10/28/2025,"AMAZON MKTPL*N46AL72 Amzn.com/bill WA        10/28",-207.75,DEBIT_CARD,5813.92,,
DEBIT,10/28/2025,"WOOFLES PREMIER PET R 412-249-8201 PA        10/27",-33.00,DEBIT_CARD,6021.67,,
DEBIT,10/28/2025,"SOERGEL ORCHARDS WEXFORD PA                  10/27",-53.98,DEBIT_CARD,6054.67,,
DEBIT,10/28/2025,"SQ *SOERGEL ORCHARDS WEXFORD PA              10/27",-6.42,DEBIT_CARD,6108.65,,
DEBIT,10/28/2025,"APPLE.COM/BILL 866-712-7753 CA               10/27",-12.83,DEBIT_CARD,6115.07,,
DEBIT,10/27/2025,"TARGET T-2787 PITTSBURGH PA                  10/27",-64.10,DEBIT_CARD,6127.90,,
DEBIT,10/27/2025,"PAYPAL           INST XFER  ABCOUNSELINGNOW WEB ID: PAYPALSI77",-125.00,ACH_DEBIT,6192.00,,
DEBIT,10/27/2025,"SOERGEL GREENHOUSES WEXFORD PA               10/27",-95.23,DEBIT_CARD,6317.00,,
DEBIT,10/27/2025,"BJS.COM EXP 800-257-2582 MA                  10/26",-134.32,DEBIT_CARD,6412.23,,
DEBIT,10/27/2025,"TRAX FARMS FINLEYVILLE PA                    10/26",-92.46,DEBIT_CARD,6546.55,,
DEBIT,10/27/2025,"TRAX FARMS FINLEYVILLE PA                    10/26",-10.60,DEBIT_CARD,6639.01,,
DEBIT,10/27/2025,"SQ *PGH CREPES LLC Pittsburgh PA             10/26",-10.70,DEBIT_CARD,6649.61,,
DEBIT,10/27/2025,"SQ *PGH CREPES LLC Pittsburgh PA             10/26",-13.91,DEBIT_CARD,6660.31,,
DEBIT,10/27/2025,"TRAX FARMS FINLEYVILLE PA                    10/26",-70.00,DEBIT_CARD,6674.22,,
DEBIT,10/27/2025,"SQ *PETERS TOWNSHIP MUS Venetia PA           10/26",-28.00,DEBIT_CARD,6744.22,,
DEBIT,10/27/2025,"GOOGLE *Google One 855-836-3987 CA           10/27",-26.74,DEBIT_CARD,6772.22,,
DEBIT,10/27/2025,"APPLE.COM/BILL 866-712-7753 CA               10/26",-10.69,DEBIT_CARD,6798.96,,
DEBIT,10/27/2025,"CHEWY.COM 786-320-7111 FL                    10/27",-59.96,DEBIT_CARD,6809.65,,
DEBIT,10/27/2025,"DUNKIN' MOBILE 800-447-0013 MA               10/25",-25.00,DEBIT_CARD,6869.61,,
DEBIT,10/27/2025,"ATM WITHDRAWAL                       006349  10/251163 WASH",-1280.00,ATM,6894.61,,
DEBIT,10/27/2025,"WOOFLES PREMIER PET R 412-249-8201 PA        10/24",-33.00,DEBIT_CARD,8174.61,,
DEBIT,10/27/2025,"CANON HILL VETERINARY 724-7460128 PA         10/24",-247.00,DEBIT_CARD,8207.61,,
DEBIT,10/27/2025,"SSA - PITTSBURGH ZOO & PITTSBURGH PA         10/23",-87.00,DEBIT_CARD,8454.61,,
DEBIT,10/24/2025,"PAYPAL           INST XFER  ETSY INC        WEB ID: PAYPALSI77",-32.10,ACH_DEBIT,8541.61,,
DEBIT,10/24/2025,"PAYPAL           INST XFER  STEAM GAMES     WEB ID: PAYPALSI77",-5.34,ACH_DEBIT,8573.71,,
DEBIT,10/24/2025,"EARNEST NRI MO   AUTOPAY                    PPD ID: H431261525",-753.49,ACH_DEBIT,8579.05,,
DEBIT,10/24/2025,"APPLE.COM/BILL 866-712-7753 CA               10/24",-5.34,DEBIT_CARD,9332.54,,
DEBIT,10/24/2025,"TEXAS ROADHOUSE #2293 O olo.com PA           10/23",-165.25,DEBIT_CARD,9337.88,,
DEBIT,10/24/2025,"WOOFLES LITTLES MCKEES ROCKS PA              10/23",-33.00,DEBIT_CARD,9503.13,,
DEBIT,10/24/2025,"SSA PITTSBURGH ZOO PITTSBURGH PA             10/23",-41.00,DEBIT_CARD,9536.13,,
DEBIT,10/24/2025,"SSA PITTSBURGH ZOO PITTSBURGH PA             10/23",-49.20,DEBIT_CARD,9577.13,,
DEBIT,10/24/2025,"SSA PITTSBURGH ZOO PITTSBURGH PA             10/23",-11.75,DEBIT_CARD,9626.33,,
CREDIT,10/24/2025,"GOOGLE LLC       PAYROLL                    PPD ID: J770493581",5034.28,ACH_CREDIT,9638.08,,
CREDIT,10/23/2025,"INTEREST PAYMENT",0.10,MISC_CREDIT,4603.80,,
DEBIT,10/23/2025,"GIANT EAGLE #124 1025 BRIDGEVILLE PA 904846  10/23",-36.11,DEBIT_CARD,4603.70,,
DEBIT,10/23/2025,"PAYPAL           INST XFER  ADOBE INC ADOBE WEB ID: PAYPALSI77",-42.39,ACH_DEBIT,4639.81,,
DEBIT,10/23/2025,"PITTSBURGH ZOO 412-3652511 PA                10/23",-24.47,DEBIT_CARD,4682.20,,
DEBIT,10/23/2025,"PITTSBURGH ZOO 412-3652511 PA                10/23",-89.00,DEBIT_CARD,4706.67,,
DEBIT,10/23/2025,"Kindle Svcs*NU8EC8RN0 888-802-3080 WA        10/23",-5.29,DEBIT_CARD,4795.67,,
DEBIT,10/23/2025,"WOOFLES PREMIER PET R 412-249-8201 PA        10/22",-33.00,DEBIT_CARD,4800.96,,
DEBIT,10/23/2025,"PETWELLCLINIC - SCOTT T CARNEGIE PA          10/21",-149.50,DEBIT_CARD,4833.96,,
CREDIT,10/23/2025,"SCHWAB BANK      P2P        ADAM BURSEY     WEB ID: 3615220001",33.00,ACH_CREDIT,4983.46,,
DEBIT,10/22/2025,"SINCERELY YOGURT BRIDG BRIDGEVILLE PA        10/21",-26.52,DEBIT_CARD,4950.46,,
DEBIT,10/22/2025,"WOOFLES PREMIER PET R 412-249-8201 PA        10/21",-33.00,DEBIT_CARD,4976.98,,
DEBIT,10/21/2025,"GIANT EAGLE #124 1025 BRIDGEVILLE PA 106101  10/21",-533.09,DEBIT_CARD,5009.98,,
DEBIT,10/21/2025,"PEOPLES NATURAL  GAS BILL                   PPD ID: 9849096001",-41.92,ACH_DEBIT,5543.07,,
DEBIT,10/21/2025,"ATT              PAYMENT                    PPD ID: 9864031004",-353.32,MISC_DEBIT,5584.99,,
DEBIT,10/21/2025,"WOOFLES PREMIER PET R 412-249-8201 PA        10/20",-33.00,DEBIT_CARD,5938.31,,
DEBIT,10/21/2025,"Pet Supplies Plus 0226 Bridgeville PA        10/20",-155.50,DEBIT_CARD,5971.31,,
DEBIT,10/21/2025,"APPLE.COM/BILL 866-712-7753 CA               10/21",-53.49,DEBIT_CARD,6126.81,,
DEBIT,10/21/2025,"AMAZON MKTPL*NU34C55 Amzn.com/bill WA        10/21",-50.35,DEBIT_CARD,6180.30,,
DEBIT,10/20/2025,"PAYPAL           INST XFER  ROBLOX CORPORAT WEB ID: PAYPALSI77",-4.99,ACH_DEBIT,6230.65,,
DEBIT,10/20/2025,"PAYPAL           INST XFER  ROBLOX CORPORAT WEB ID: PAYPALSI77",-19.99,ACH_DEBIT,6235.64,,
DEBIT,10/20/2025,"APPLE.COM/BILL 866-712-7753 CA               10/20",-5.34,DEBIT_CARD,6255.63,,
DEBIT,10/20/2025,"APPLE.COM/BILL 866-712-7753 CA               10/20",-5.34,DEBIT_CARD,6260.97,,
DEBIT,10/20/2025,"APPLE.COM/BILL 866-712-7753 CA               10/20",-32.09,DEBIT_CARD,6266.31,,
DEBIT,10/20/2025,"BJS WHOLESALE #3 4000 BRIDGEVILLE PA 593717  10/19",-205.45,DEBIT_CARD,6298.40,,
DEBIT,10/20/2025,"WOOFLES PREMIER PET R 412-249-8201 PA        10/19",-33.00,DEBIT_CARD,6503.85,,
DEBIT,10/20/2025,"TROPICAL SMOOTHIE CAFE BRIDGEVILLE PA        10/19",-13.51,DEBIT_CARD,6536.85,,
DEBIT,10/20/2025,"DUNKIN #356242 412-321-0313 PA               10/19",-9.61,DEBIT_CARD,6550.36,,
DEBIT,10/20/2025,"Netflix.com 408-5403700 CA                   10/19",-26.74,DEBIT_CARD,6559.97,,
DEBIT,10/20/2025,"Amazon.com*NU2ZF21T0 Amzn.com/bill WA        10/19",-38.21,DEBIT_CARD,6586.71,,
DEBIT,10/20/2025,"McDonalds 6822 BRIDGEVILLE PA                10/19",-28.65,DEBIT_CARD,6624.92,,
DEBIT,10/20/2025,"McDonalds 6822 BRIDGEVILLE PA                10/18",-27.16,DEBIT_CARD,6653.57,,
DEBIT,10/20/2025,"MICHAELS STORES 9944 4 BETHEL PARK PA        10/18",-151.75,DEBIT_CARD,6680.73,,
DEBIT,10/20/2025,"AUNTIE ANNE'S #PA253 PITTSBURGH PA           10/18",-17.03,DEBIT_CARD,6832.48,,
DEBIT,10/20/2025,"MINISO SOUTH HILLS VILL PITTSBURGH PA        10/18",-117.55,DEBIT_CARD,6849.51,,
DEBIT,10/20/2025,"ADVS ED SERV PPD STUDNTLOAN                 PPD ID: 9102001101",-660.76,ACH_DEBIT,6967.06,,
DEBIT,10/20/2025,"Kindle Svcs*NU3ZZ5OU1 888-802-3080 WA        10/18",-4.23,DEBIT_CARD,7627.82,,
DEBIT,10/20/2025,"BJS.COM EXP 800-257-2582 MA                  10/17",-10.98,DEBIT_CARD,7632.05,,
DEBIT,10/20/2025,"TST*BUBBLE BEE- SOUT Upper Saint C PA        10/17",-9.17,DEBIT_CARD,7643.03,,
DEBIT,10/20/2025,"Subway 28039 Pittsburgh PA                   10/17",-8.55,DEBIT_CARD,7652.20,,
DEBIT,10/20/2025,"MINISO SOUTH HILLS VILL PITTSBURGH PA        10/17",-76.74,DEBIT_CARD,7660.75,,
DEBIT,10/20/2025,"WOOFLES PREMIER PET R 412-249-8201 PA        10/17",-33.00,DEBIT_CARD,7737.49,,
DEBIT,10/20/2025,"AMAZON MKTPL*NU17X1N Amzn.com/bill WA        10/19",-132.16,DEBIT_CARD,7770.49,,
DEBIT,10/17/2025,"HOT TOPIC 0495 PITTSBURGH PA                 10/17",-37.00,DEBIT_CARD,7902.65,,
DEBIT,10/17/2025,"MICROSOFT*REALMS JAV MICROSOFT.COM WA        10/17",-8.55,DEBIT_CARD,7939.65,,
DEBIT,10/17/2025,"CONNECTED HEALTH WWW.CONNECTED PA            10/17",-477.00,DEBIT_CARD,7948.20,,
DEBIT,10/17/2025,"AMAZON MKTPL*NM6SP09 Amzn.com/bill WA        10/17",-10.57,DEBIT_CARD,8425.20,,
DEBIT,10/17/2025,"APPLE.COM/BILL 866-712-7753 CA               10/17",-32.09,DEBIT_CARD,8435.77,,
DEBIT,10/17/2025,"AMAZON MKTPL*NM98N49 Amzn.com/bill WA        10/17",-20.28,DEBIT_CARD,8467.86,,
DEBIT,10/17/2025,"BJS.COM EXP 800-257-2582 MA                  10/16",-27.97,DEBIT_CARD,8488.14,,
DEBIT,10/17/2025,"CANON HILL VETERINARY 724-7460128 PA         10/16",-310.00,DEBIT_CARD,8516.11,,
DEBIT,10/17/2025,"APPLE.COM/BILL 866-712-7753 CA               10/17",-8.55,DEBIT_CARD,8826.11,,
DEBIT,10/16/2025,"ATM WITHDRAWAL                       003342  10/161163 WASH",-980.00,ATM,8834.66,,
DEBIT,10/16/2025,"Payment to Chase card ending in 1841 10/16",-51.00,LOAN_PMT,9814.66,,
DEBIT,10/16/2025,"WOOFLES PREMIER PET R 412-249-8201 PA        10/15",-33.00,DEBIT_CARD,9865.66,,
DEBIT,10/16/2025,"MARKET DISTRICT #0014 800-553-2324 PA        10/15",-93.47,DEBIT_CARD,9898.66,,
CREDIT,10/16/2025,"SCHWAB BANK      P2P        ADAM BURSEY     WEB ID: 3615220001",33.00,ACH_CREDIT,9992.13,,
DEBIT,10/15/2025,"HANG ZHOU YU ZHA IAT PAYPAL 1045541790867   WEB ID: 770510487C",-166.90,ACH_DEBIT,9959.13,,
DEBIT,10/15/2025,"BJS WHOLESALE #3 4000 BRIDGEVILLE PA 731749  10/15",-147.44,DEBIT_CARD,10126.03,,
DEBIT,10/15/2025,"VENMO            PAYMENT    1045529323721   WEB ID: 3264681992",-50.00,MISC_DEBIT,10273.47,,
DEBIT,10/15/2025,"NEWREZ-SHELLPOIN ACH PMT                    PPD ID: 6371542226",-2099.79,ACH_DEBIT,10323.47,,
DEBIT,10/15/2025,"BJ'S FUEL #9388 BRIDGEVILLE PA               10/14",-96.87,DEBIT_CARD,12423.26,,
DEBIT,10/15/2025,"WOOFLES PREMIER PET R 412-249-8201 PA        10/14",-33.00,DEBIT_CARD,12520.13,,
DEBIT,10/15/2025,"CANON HILL VETERINARY 724-7460128 PA         10/14",-90.00,DEBIT_CARD,12553.13,,
DEBIT,10/15/2025,"CONNECTED HEALTH PHARM 724-9334320 PA        10/14",-215.00,DEBIT_CARD,12643.13,,
DEBIT,10/14/2025,"CONNECT BY AMFAM AUTO 800-535-2001 WI        10/14",-322.60,DEBIT_CARD,12858.13,,
DEBIT,10/14/2025,"PAYPAL           INST XFER  ROBLOX CORPORAT WEB ID: PAYPALSI77",-4.99,ACH_DEBIT,13180.73,,
DEBIT,10/14/2025,"PAYPAL           INST XFER  ROBLOX CORPORAT WEB ID: PAYPALSI77",-4.99,ACH_DEBIT,13185.72,,
DEBIT,10/14/2025,"PAYPAL           INST XFER  ROBLOX CORPORAT WEB ID: PAYPALSI77",-19.99,ACH_DEBIT,13190.71,,
DEBIT,10/14/2025,"PAYPAL           INST XFER  ROBLOX CORPORAT WEB ID: PAYPALSI77",-19.99,ACH_DEBIT,13210.70,,
DEBIT,10/14/2025,"PAYPAL           INST XFER  ETSY INC        WEB ID: PAYPALSI77",-40.28,ACH_DEBIT,13230.69,,
DEBIT,10/14/2025,"PAYPAL           INST XFER  PYPL PAYIN4     WEB ID: PAYPALSI88",-154.35,ACH_DEBIT,13270.97,,
DEBIT,10/14/2025,"APPLE.COM/BILL 866-712-7753 CA               10/14",-21.04,DEBIT_CARD,13425.32,,
DEBIT,10/14/2025,"APPLE.COM/BILL 866-712-7753 CA               10/14",-7.48,DEBIT_CARD,13446.36,,
DEBIT,10/14/2025,"WOOFLES PREMIER PET R 412-249-8201 PA        10/13",-33.00,DEBIT_CARD,13453.84,,
DEBIT,10/14/2025,"CANON HILL VETERINARY 724-7460128 PA         10/13",-345.00,DEBIT_CARD,13486.84,,
DEBIT,10/14/2025,"GOOGLE *YouTubePremi g.co/helppay# CA        10/12",-24.60,DEBIT_CARD,13831.84,,
DEBIT,10/14/2025,"APPLE.COM/BILL 866-712-7753 CA               10/12",-3.20,DEBIT_CARD,13856.44,,
DEBIT,10/14/2025,"IC* INSTACART INSTACART.COM CA               10/12",-118.02,DEBIT_CARD,13859.64,,
DEBIT,10/14/2025,"MICROSOFT*REALMS JAV MICROSOFT.COM WA        10/12",-8.55,DEBIT_CARD,13977.66,,
DEBIT,10/14/2025,"CHEWY.COM 786-320-7111 FL                    10/12",-59.96,DEBIT_CARD,13986.21,,
DEBIT,10/14/2025,"Amazon.com*NF8C95GV2 AMZN.COM/BILL WA        10/12",-70.00,DEBIT_CARD,14046.17,,
DEBIT,10/14/2025,"WOOFLES PREMIER PET R 412-249-8201 PA        10/11",-33.00,DEBIT_CARD,14116.17,,
DEBIT,10/14/2025,"AMAZON MKTPL*NF2WW9X Amzn.com/bill WA        10/12",-53.60,DEBIT_CARD,14149.17,,
DEBIT,10/14/2025,"GIANT EAGLE #124 1025 BRIDGEVILLE PA 053323  10/11",-257.28,DEBIT_CARD,14202.77,,
DEBIT,10/14/2025,"THE HOME DEPOT #4160 BRIDGEVILLE PA          10/11",-26.73,DEBIT_CARD,14460.05,,
DEBIT,10/14/2025,"DNH*GODADDY#39201921 https://www.g AZ        10/11",-52.98,DEBIT_CARD,14486.78,,
DEBIT,10/14/2025,"CONNECTED HEALTH WWW.CONNECTED PA            10/11",-240.00,DEBIT_CARD,14539.76,,
DEBIT,10/14/2025,"Amazon.com*NF5WH79Z1 Amzn.com/bill WA        10/11",-31.21,DEBIT_CARD,14779.76,,
DEBIT,10/14/2025,"MCDONALD'S F6822 BRIDGEVILLE PA              10/10",-26.81,DEBIT_CARD,14810.97,,
DEBIT,10/14/2025,"AMAZON MKTPL*NF3AJ2Q Amzn.com/bill WA        10/10",-29.20,DEBIT_CARD,14837.78,,
DEBIT,10/14/2025,"AMAZON MKTPL*NF1EV9Q Amzn.com/bill WA        10/10",-30.74,DEBIT_CARD,14866.98,,
DEBIT,10/14/2025,"ROBINSON ANIMAL HOSPI MCKEES ROCKS PA        10/10",-81.40,DEBIT_CARD,14897.72,,
DEBIT,10/10/2025,"APPLE.COM/BILL 866-712-7753 CA               10/10",-12.83,DEBIT_CARD,14979.12,,
DEBIT,10/10/2025,"WOOFLES PREMIER PET R 412-249-8201 PA        10/09",-33.00,DEBIT_CARD,14991.95,,
DEBIT,10/10/2025,"CANON HILL VETERINARY 724-7460128 PA         10/09",-668.50,DEBIT_CARD,15024.95,,
DEBIT,10/10/2025,"SALLY BEAUTY #0493 BRIDGEVILLE PA            10/09",-67.89,DEBIT_CARD,15693.45,,
DEBIT,10/10/2025,"MCDONALD'S F6822 BRIDGEVILLE PA              10/09",-16.02,DEBIT_CARD,15761.34,,
CREDIT,10/10/2025,"SCHWAB BANK      P2P        ADAM BURSEY     WEB ID: 3615220001",64.75,ACH_CREDIT,15777.36,,
CREDIT,10/10/2025,"GOOGLE LLC       PAYROLL                    PPD ID: J770493581",102.40,ACH_CREDIT,15712.61,,
CREDIT,10/10/2025,"GOOGLE LLC       PAYROLL                    PPD ID: J770493581",5034.28,ACH_CREDIT,15610.21,,
DEBIT,10/09/2025,"BJS WHOLESALE #3 4000 BRIDGEVILLE PA 021216  10/09",-117.92,DEBIT_CARD,10575.93,,
DEBIT,10/09/2025,"COMCAST-XFINITY  CABLE SVCS                 PPD ID: 0000213249",-40.00,ACH_DEBIT,10693.85,,
DEBIT,10/09/2025,"WOOFLES PREMIER PET R 412-249-8201 PA        10/08",-33.00,DEBIT_CARD,10733.85,,
DEBIT,10/09/2025,"PEACE OF MIND PSYCHIAT 412-3197866 PA        10/08",-20.00,DEBIT_CARD,10766.85,,
DEBIT,10/08/2025,"TRACTOR SUPPLY # 460 W WASHINGTON PA 726345  10/08",-645.07,DEBIT_CARD,10786.85,,
DEBIT,10/08/2025,"SOLAR SERVICING  SURE PAY                   PPD ID: CSCSM67178",-220.80,ACH_DEBIT,11431.92,,
DEBIT,10/08/2025,"BMWFINANCIAL SVS BMWFS PYMT                 PPD ID: 1222568977",-760.30,ACH_DEBIT,11652.72,,
DEBIT,10/08/2025,"WOOFLES PREMIER PET R 412-249-8201 PA        10/07",-33.00,DEBIT_CARD,12413.02,,
DEBIT,10/08/2025,"APPLE.COM/BILL 866-712-7753 CA               10/08",-10.69,DEBIT_CARD,12446.02,,
DEBIT,10/08/2025,"DUNKIN #356242 412-321-0313 PA               10/07",-14.09,DEBIT_CARD,12456.71,,
DEBIT,10/08/2025,"Amazon.com*NF0926CR1 Amzn.com/bill WA        10/07",-21.59,DEBIT_CARD,12470.80,,
DEBIT,10/08/2025,"BJ'S FUEL #9388 BRIDGEVILLE PA               10/07",-95.06,DEBIT_CARD,12492.39,,
DEBIT,10/08/2025,"Amazon.com*NV23V8RJ1 Amzn.com/bill WA        10/07",-29.49,DEBIT_CARD,12587.45,,
DEBIT,10/08/2025,"Amazon.com*NV0YG9512 Amzn.com/bill WA        10/07",-29.18,DEBIT_CARD,12616.94,,
DEBIT,10/07/2025,"BJS WHOLESALE #3 4000 BRIDGEVILLE PA 230113  10/07",-12.47,DEBIT_CARD,12646.12,,
DEBIT,10/07/2025,"Online Payment 26147955085 To Washington Financial Bank 10/07",-5931.76,BILLPAY,12658.59,,
DEBIT,10/07/2025,"GM Financial     GMF Pymt                   PPD ID: I522190781",-1487.10,ACH_DEBIT,18590.35,,
DEBIT,10/07/2025,"WOOFLES PREMIER PET R 412-249-8201 PA        10/06",-64.75,DEBIT_CARD,20077.45,,
DEBIT,10/07/2025,"TRAX FARMS FINLEYVILLE PA                    10/06",-56.18,DEBIT_CARD,20142.20,,
DEBIT,10/06/2025,"PAYPAL           INST XFER  FARMVET         WEB ID: PAYPALSI77",-90.94,ACH_DEBIT,20198.38,,
DEBIT,10/06/2025,"PAYPAL           INST XFER  ABCOUNSELINGNOW WEB ID: PAYPALSI77",-125.00,ACH_DEBIT,20289.32,,
DEBIT,10/06/2025,"Online Transfer 26489508481 to Investor Checking ...444 ########6444 transaction #: 26489508481 10/06",-500.00,ACCT_XFER,20414.32,,
DEBIT,10/06/2025,"BJS WHOLESALE #3 4000 BRIDGEVILLE PA 116323  10/05",-54.46,DEBIT_CARD,20914.32,,
DEBIT,10/06/2025,"JFI*PREMIER MARTIAL AR justifi.ai PA         10/05",-194.00,DEBIT_CARD,20968.78,,
DEBIT,10/06/2025,"BJS WHOLESALE #3 4000 BRIDGEVILLE PA 221133  10/04",-141.77,DEBIT_CARD,21162.78,,
DEBIT,10/06/2025,"AMAZON MKTPL*NV6RC1R Amzn.com/bill WA        10/04",-103.53,DEBIT_CARD,21304.55,,
DEBIT,10/06/2025,"AMAZON MKTPL*NV7QA9P Amzn.com/bill WA        10/04",-28.19,DEBIT_CARD,21408.08,,
DEBIT,10/06/2025,"Kindle Svcs*NV81S9EK1 888-802-3080 WA        10/04",-4.23,DEBIT_CARD,21436.27,,
DEBIT,10/06/2025,"Audible*NV8JD9AF1 Amzn.com/bill NJ           10/04",-24.33,DEBIT_CARD,21440.50,,
DEBIT,10/06/2025,"WOOFLES PREMIER PET R 412-249-8201 PA        10/03",-33.00,DEBIT_CARD,21464.83,,
DEBIT,10/06/2025,"TRAX FARMS FINLEYVILLE PA                    10/03",-87.45,DEBIT_CARD,21497.83,,
DEBIT,10/06/2025,"Amazon.com*NV4NM3JY1 Amzn.com/bill WA        10/03",-16.86,DEBIT_CARD,21585.28,,
DEBIT,10/03/2025,"GIANT EAGLE #124 1025 BRIDGEVILLE PA 715707  10/03",-163.47,DEBIT_CARD,21602.14,,
DEBIT,10/03/2025,"PAYPAL           INST XFER  STEAM GAMES     WEB ID: PAYPALSI77",-16.04,ACH_DEBIT,21765.61,,
DEBIT,10/03/2025,"Online Payment 26083247223 To Northwest 10/03",-200.00,BILLPAY,21781.65,,
