Details,Posting Date,Description,Amount,Type,Balance,Check or Slip #
DEBIT,05/01/2026,"PAYPAL           PURCHASE   SPOTIFY*P420362 WEB ID: PAYPALSI77",-23.53,ACH_DEBIT,1524.48,,
DEBIT,05/01/2026,"APPLECARD GSBANK PAYMENT    466580          WEB ID: 9999999999",-162.00,ACH_DEBIT,1548.01,,
DEBIT,05/01/2026,"BJS.COM EXP 800-257-2582 MA                  04/30",-280.25,DEBIT_CARD,1710.01,,
DEBIT,05/01/2026,"TROPICAL SMOOTHIE CAFE BRIDGEVILLE PA        04/30",-17.70,DEBIT_CARD,1990.26,,
DEBIT,05/01/2026,"PITTSBURGH MOBILE VE WWW.PGHMOBILE PA        04/30",-119.00,DEBIT_CARD,2007.96,,
DEBIT,04/30/2026,"ATM WITHDRAWAL                       001896  04/301163 WASH",-1125.00,ATM,2126.96,,
DEBIT,04/30/2026,"APPLE.COM/BILL 866-712-7753 CA               04/30",-39.73,DEBIT_CARD,3251.96,,
DEBIT,04/30/2026,"Online Payment 28648468141 To Northwest 04/30",-200.00,BILLPAY,3291.69,,
DEBIT,04/30/2026,"FirstEnergy      OPCO-ACH                   PPD ID: 1341968288",-294.71,ACH_DEBIT,3491.69,,
DEBIT,04/30/2026,"APPLE.COM/BILL 866-712-7753 CA               04/30",-29.99,DEBIT_CARD,3786.40,,
DEBIT,04/30/2026,"UBER   *EATS HELP.UBER.COM CA                04/30",-190.06,DEBIT_CARD,3816.39,,
DEBIT,04/30/2026,"UPMC PHYSICIANS 888-647-9600 PA              04/30",-30.00,DEBIT_CARD,4006.45,,
DEBIT,04/29/2026,"PAYPAL           PURCHASE   STEAM GAMES     WEB ID: PAYPALSI77",-10.69,ACH_DEBIT,4036.45,,
DEBIT,04/29/2026,"SHANTI BLISS WELLNES WWW.SHANTIBLI PA        04/29",-20.00,DEBIT_CARD,4047.14,,
DEBIT,04/29/2026,"PENNSYLVANIA-AME PAYMENT                    PPD ID: 7251008096",-155.50,ACH_DEBIT,4067.14,,
DEBIT,04/29/2026,"AMAZON MKTPL*BJ1KZ4F Amzn.com/bill WA        04/29",-79.48,DEBIT_CARD,4222.64,,
DEBIT,04/28/2026,"CONNECTED HEALTH WWW.CONNECTED PA            04/28",-199.00,DEBIT_CARD,4302.12,,
DEBIT,04/28/2026,"SOUTH FAYETTE MA PAYMENTS   0001006617.2    WEB ID: 1251250775",-138.84,ACH_DEBIT,4501.12,,
DEBIT,04/28/2026,"APPLE.COM/BILL 866-712-7753 CA               04/28",-8.55,DEBIT_CARD,4639.96,,
DEBIT,04/28/2026,"SINCERELY YOGURT BRIDG BRIDGEVILLE PA        04/27",-13.23,DEBIT_CARD,4648.51,,
DEBIT,04/28/2026,"PEACE OF MIND PSYCHIAT 412-3197866 PA        04/27",-20.00,DEBIT_CARD,4661.74,,
DEBIT,04/28/2026,"TROPICAL SMOOTHIE CAFE BRIDGEVILLE PA        04/27",-33.68,DEBIT_CARD,4681.74,,
DEBIT,04/28/2026,"PITTSBURGH MOBILE VE WWW.PGHMOBILE PA        04/27",-78.00,DEBIT_CARD,4715.42,,
DEBIT,04/27/2026,"Online Transfer to GMR ...3259 transaction#: 28988060915 04/27",-5.00,ACCT_XFER,4793.42,,
DEBIT,04/27/2026,"GOOGLE *Google One g.co/helppay# CA          04/27",-21.39,DEBIT_CARD,4798.42,,
DEBIT,04/27/2026,"Online Transfer to GMR ...3259 transaction#: 28982187154 04/27",-25.00,ACCT_XFER,4819.81,,
DEBIT,04/27/2026,"Online Transfer to  CHK ...5269 transaction#: 28897922743 04/27",-25.00,ACCT_XFER,4844.81,,
DEBIT,04/27/2026,"Online Transfer to  CHK ...1108 transaction#: 28898197291 04/27",-40.00,ACCT_XFER,4869.81,,
DEBIT,04/27/2026,"Online Transfer to GMR ...3259 transaction#: 28976654458 04/27",-40.00,ACCT_XFER,4909.81,,
DEBIT,04/27/2026,"CVS/PHARMACY #03999 CARNEGIE PA              04/26",-10.00,DEBIT_CARD,4949.81,,
DEBIT,04/27/2026,"Online Transfer to GMR ...3259 transaction#: 28971434956 04/27",-20.00,ACCT_XFER,4959.81,,
DEBIT,04/27/2026,"Online Transfer to GMR ...3259 transaction#: 28968999768 04/27",-30.00,ACCT_XFER,4979.81,,
DEBIT,04/27/2026,"IKEA PITTSBURGH PITTSBURGH PA                04/25",-123.93,DEBIT_CARD,5009.81,,
DEBIT,04/27/2026,"ZIPHEALTH* ZIP ZIPHEALTH.CO FL               04/25",-94.95,DEBIT_CARD,5133.74,,
DEBIT,04/27/2026,"CHEWY.COM 786-320-7111 FL                    04/26",-60.98,DEBIT_CARD,5228.69,,
DEBIT,04/27/2026,"GIANT EAGLE #1241 BRIDGEVILLE PA             04/24",-361.54,DEBIT_CARD,5289.67,,
DEBIT,04/27/2026,"AMAZON MKTPL*BJ9IU4Q Amzn.com/bill WA        04/26",-92.69,DEBIT_CARD,5651.21,,
DEBIT,04/27/2026,"AMAZON MKTPL*BJ97M7V Amzn.com/bill WA        04/24",-54.04,DEBIT_CARD,5743.90,,
DEBIT,04/27/2026,"AMAZON MKTPL*BJ4LT0V Amzn.com/bill WA        04/24",-52.95,DEBIT_CARD,5797.94,,
DEBIT,04/27/2026,"ROBINSON ANIMAL HOSPI MCKEES ROCKS PA        04/23",-32.60,DEBIT_CARD,5850.89,,
DEBIT,04/24/2026,"Online Transfer to SAV ...9301 transaction#: 28950786484 04/24",-260.40,ACCT_XFER,5883.49,,
DEBIT,04/24/2026,"EARNEST NRI MO   AUTOPAY                    PPD ID: H431261525",-753.49,ACH_DEBIT,6143.89,,
DEBIT,04/24/2026,"COSTCO WHSE #0332 PITTSBURGH PA              04/23",-9.15,DEBIT_CARD,6897.38,,
DEBIT,04/24/2026,"COSTCO WHSE #0332 PITTSBURGH PA              04/23",-98.36,DEBIT_CARD,6906.53,,
DEBIT,04/24/2026,"COSTCO WHSE #0332 PITTSBURGH PA              04/23",-15.76,DEBIT_CARD,7004.89,,
DEBIT,04/24/2026,"BJ'S FUEL #9388 BRIDGEVILLE PA               04/23",-122.09,DEBIT_CARD,7020.65,,
CREDIT,04/24/2026,"GOOGLE LLC       PAYROLL                    PPD ID: J770493581",260.40,ACH_CREDIT,7142.74,,
CREDIT,04/24/2026,"GOOGLE LLC       PAYROLL                    PPD ID: J770493581",4435.71,ACH_CREDIT,6882.34,,
DEBIT,04/23/2026,"PAYPAL           PURCHASE   ETSY INC        WEB ID: PAYPALSI77",-60.36,ACH_DEBIT,2446.63,,
DEBIT,04/23/2026,"PAYPAL           PURCHASE   ADOBE INC ADOBE WEB ID: PAYPALSI77",-42.39,ACH_DEBIT,2506.99,,
DEBIT,04/23/2026,"Online Transfer to CHK ...1108 transaction#: 28933949992 04/23",-40.00,ACCT_XFER,2549.38,,
DEBIT,04/23/2026,"PAYPAL           INST XFER  PYPL PAYIN4     WEB ID: PAYPALSI88",-45.83,ACH_DEBIT,2589.38,,
DEBIT,04/23/2026,"BJS WHOLESALE #388 BRIDGEVILLE PA            04/22",-222.43,DEBIT_CARD,2635.21,,
DEBIT,04/23/2026,"CANON HILL VETERINARY 724-7460128 PA         04/22",-259.00,DEBIT_CARD,2857.64,,
CREDIT,04/22/2026,"INTEREST PAYMENT",0.10,MISC_CREDIT,3116.64,,
DEBIT,04/22/2026,"Amazon.com*BY3MF5YQ1 Amzn.com/bill WA        04/22",-34.15,DEBIT_CARD,3116.54,,
DEBIT,04/22/2026,"TRACTOR SUPPLY   ONLINE PMT 621992233279384 WEB ID: CITICTP",-601.63,ACH_DEBIT,3150.69,,
DEBIT,04/22/2026,"SHANTI BLISS WELLNES WWW.SHANTIBLI PA        04/21",-20.00,DEBIT_CARD,3752.32,,
DEBIT,04/22/2026,"AMAZON MKTPL*BJ5B12Z Amzn.com/bill WA        04/22",-18.33,DEBIT_CARD,3772.32,,
DEBIT,04/22/2026,"AMAZON MKTPL*BY9CI5E Amzn.com/bill WA        04/22",-90.17,DEBIT_CARD,3790.65,,
DEBIT,04/22/2026,"AMAZON MKTPL*BY4EO07 Amzn.com/bill WA        04/21",-27.15,DEBIT_CARD,3880.82,,
DEBIT,04/21/2026,"CHASE CREDIT CRD AUTOPAY                    PPD ID: 4760039224",-80.73,ACH_DEBIT,3907.97,,
DEBIT,04/21/2026,"PEOPLES NATURAL  GAS BILL                   PPD ID: 9849096001",-129.52,ACH_DEBIT,3988.70,,
DEBIT,04/21/2026,"ATT              PAYMENT                    PPD ID: 9864031004",-350.14,MISC_DEBIT,4118.22,,
DEBIT,04/21/2026,"MICROSOFT*PC GAME PA MICROSOFT.COM WA        04/21",-17.64,DEBIT_CARD,4468.36,,
DEBIT,04/21/2026,"Payment to Chase card ending in 8877 04/21",-6327.35,LOAN_PMT,4486.00,,
DEBIT,04/21/2026,"1PASSWORD FAMILIES TORONTO ON                04/20",-51.36,DEBIT_CARD,10813.35,,
DEBIT,04/20/2026,"CVS/PHARMACY #03999 CARNEGIE PA              04/20",-31.06,DEBIT_CARD,10864.71,,
DEBIT,04/20/2026,"PAYPAL           PURCHASE   ABCOUNSELINGNOW WEB ID: PAYPALSI77",-125.00,ACH_DEBIT,10895.77,,
DEBIT,04/20/2026,"Online Transfer to GMR ...3259 transaction#: 28897052130 04/20",-25.00,ACCT_XFER,11020.77,,
DEBIT,04/20/2026,"Online Transfer to  CHK ...1108 transaction#: 28807926794 04/20",-40.00,ACCT_XFER,11045.77,,
DEBIT,04/20/2026,"Online Transfer to  CHK ...5269 transaction#: 28807845972 04/20",-25.00,ACCT_XFER,11085.77,,
DEBIT,04/20/2026,"Amazon.com*BY3PO9C80 Amzn.com/bill WA        04/20",-40.45,DEBIT_CARD,11110.77,,
DEBIT,04/20/2026,"KRISPY KREME 0365 WASHINGTON PA              04/19",-30.18,DEBIT_CARD,11151.22,,
DEBIT,04/20/2026,"Netflix.com netflix.com CA                   04/19",-26.74,DEBIT_CARD,11181.40,,
DEBIT,04/20/2026,"McDonalds 6822 BRIDGEVILLE PA                04/19",-80.99,DEBIT_CARD,11208.14,,
DEBIT,04/20/2026,"MARKET DISTRICT #0014 800-553-2324 PA        04/18",-137.88,DEBIT_CARD,11289.13,,
DEBIT,04/20/2026,"Online Transfer to GMR ...3259 transaction#: 28880710202 04/20",-125.00,ACCT_XFER,11427.01,,
DEBIT,04/20/2026,"ADVS ED SERV PPD STUDNTLOAN                 PPD ID: 9102001101",-660.76,ACH_DEBIT,11552.01,,
DEBIT,04/20/2026,"APPLE.COM/BILL 866-712-7753 CA               04/18",-13.90,DEBIT_CARD,12212.77,,
DEBIT,04/20/2026,"APPLE.COM/BILL 866-712-7753 CA               04/18",-34.21,DEBIT_CARD,12226.67,,
DEBIT,04/20/2026,"Amazon.com*BY4657481 Amzn.com/bill WA        04/17",-31.98,DEBIT_CARD,12260.88,,
CREDIT,04/20/2026,"Online Transfer from CHK ...1108 transaction#: 28902763091",50.00,ACCT_XFER,12292.86,,
CREDIT,04/20/2026,"Online Transfer from SAV ...9301 transaction#: 28906659580",6327.35,ACCT_XFER,12242.86,,
DEBIT,04/17/2026,"Online Transfer to CHK ...1108 transaction#: 28872438050 04/17",-50.00,ACCT_XFER,5915.51,,
DEBIT,04/17/2026,"UBER * EATS PENDING SAN FRANCISCO CA         04/17",-133.58,DEBIT_CARD,5965.51,,
DEBIT,04/17/2026,"CONNECTED HEALTH WWW.CONNECTED PA            04/17",-477.00,DEBIT_CARD,6099.09,,
DEBIT,04/17/2026,"CAREMARK MAIL 888-892-7227 IL                04/16",-50.00,DEBIT_CARD,6576.09,,
DEBIT,04/16/2026,"PAYPAL           PURCHASE   TRADERJACKS     WEB ID: PAYPALSI77",-60.00,ACH_DEBIT,6626.09,,
DEBIT,04/16/2026,"PAYPAL           PURCHASE   TRADERJACKS     WEB ID: PAYPALSI77",-140.00,ACH_DEBIT,6686.09,,
DEBIT,04/16/2026,"SHANTI BLISS WELLNES WWW.SHANTIBLI PA        04/16",-80.00,DEBIT_CARD,6826.09,,
DEBIT,04/16/2026,"CHASE CREDIT CRD AUTOPAY                    PPD ID: 4760039224",-174.00,ACH_DEBIT,6906.09,,
DEBIT,04/15/2026,"VENMO            PAYMENT    1049629640665   WEB ID: 3264681992",-50.00,MISC_DEBIT,7080.09,,
DEBIT,04/15/2026,"NEWREZ-SHELLPOIN ACH PMT                    PPD ID: 6371542226",-2101.13,ACH_DEBIT,7130.09,,
DEBIT,04/15/2026,"SHELL RECHARGE SOLUTI 855-900-7584 CA        04/15",-7.44,DEBIT_CARD,9231.22,,
DEBIT,04/15/2026,"BJS WHOLESALE #388 BRIDGEVILLE PA            04/14",-317.77,DEBIT_CARD,9238.66,,
DEBIT,04/14/2026,"APPLE.COM/BILL 866-712-7753 CA               04/14",-7.48,DEBIT_CARD,9556.43,,
DEBIT,04/14/2026,"AMFAM INSURANCE PX7 800-535-2001 WI          04/14",-321.80,DEBIT_CARD,9563.91,,
DEBIT,04/14/2026,"APPLE.COM/BILL 866-712-7753 CA               04/14",-21.04,DEBIT_CARD,9885.71,,
DEBIT,04/14/2026,"BJS WHOLESALE #388 BRIDGEVILLE PA            04/13",-2.14,DEBIT_CARD,9906.75,,
DEBIT,04/14/2026,"BJS WHOLESALE #388 BRIDGEVILLE PA            04/13",-174.79,DEBIT_CARD,9908.89,,
DEBIT,04/14/2026,"PEACE WITHIN THE MIN support@simpl PA        04/13",-20.00,DEBIT_CARD,10083.68,,
DEBIT,04/14/2026,"CANON HILL VETERINARY 724-7460128 PA         04/13",-182.00,DEBIT_CARD,10103.68,,
DEBIT,04/14/2026,"UPMC PHYSICIANS 888-647-9600 PA              04/14",-30.00,DEBIT_CARD,10285.68,,
CREDIT,04/14/2026,"Online Transfer from SAV ...1215 transaction#: 28827267539",239.00,ACCT_XFER,10315.68,,
DEBIT,04/13/2026,"Online Payment 28386366157 To Washington Financial Bank 04/13",-6345.06,BILLPAY,10076.68,,
DEBIT,04/13/2026,"Online Transfer to GMR ...3259 transaction#: 28807136580 04/13",-25.00,ACCT_XFER,16421.74,,
DEBIT,04/13/2026,"Online Transfer to  CHK ...5269 transaction#: 28721388182 04/13",-25.00,ACCT_XFER,16446.74,,
DEBIT,04/13/2026,"Online Transfer to  CHK ...1108 transaction#: 28720917637 04/13",-40.00,ACCT_XFER,16471.74,,
DEBIT,04/13/2026,"Prime Video *BY9SU4QK 888-802-3080 WA        04/12",-18.01,DEBIT_CARD,16511.74,,
DEBIT,04/13/2026,"TEXAS ROADHOUSE #2293 O olo.com PA           04/12",-131.73,DEBIT_CARD,16529.75,,
DEBIT,04/13/2026,"GOOGLE *YouTubePremi g.co/helppay# CA        04/12",-24.60,DEBIT_CARD,16661.48,,
DEBIT,04/13/2026,"SOERGEL GREENHOUSES WEXFORD PA               04/12",-156.29,DEBIT_CARD,16686.08,,
DEBIT,04/13/2026,"APPLE.COM/BILL 866-712-7753 CA               04/12",-3.20,DEBIT_CARD,16842.37,,
DEBIT,04/13/2026,"APPLE.COM/BILL 866-712-7753 CA               04/12",-59.87,DEBIT_CARD,16845.57,,
DEBIT,04/13/2026,"ROSS STORE #2385 BRIDGEVILLE PA              04/12",-21.37,DEBIT_CARD,16905.44,,
DEBIT,04/13/2026,"MICROSOFT*REALMS JAVA REDMOND WA             04/12",-8.55,DEBIT_CARD,16926.81,,
DEBIT,04/13/2026,"MICROSOFT*REALMS JAVA REDMOND WA             04/12",-8.55,DEBIT_CARD,16935.36,,
DEBIT,04/13/2026,"AMAZON MKTPL*B70HI4E Amzn.com/bill WA        04/12",-29.20,DEBIT_CARD,16943.91,,
DEBIT,04/13/2026,"TROPICAL SMOOTHIE CAFE BRIDGEVILLE PA        04/11",-24.45,DEBIT_CARD,16973.11,,
DEBIT,04/13/2026,"GIANT EAGLE #1241 BRIDGEVILLE PA             04/11",-172.99,DEBIT_CARD,16997.56,,
DEBIT,04/13/2026,"BJS WHOLESALE #388 BRIDGEVILLE PA            04/11",-3.73,DEBIT_CARD,17170.55,,
DEBIT,04/13/2026,"BJS WHOLESALE #388 BRIDGEVILLE PA            04/11",-49.65,DEBIT_CARD,17174.28,,
DEBIT,04/13/2026,"AMAZON MKTPL*BC38R7K Amzn.com/bill WA        04/11",-96.34,DEBIT_CARD,17223.93,,
DEBIT,04/13/2026,"DNH*GODADDY 480-505-8855 AZ                  04/11",-52.98,DEBIT_CARD,17320.27,,
DEBIT,04/13/2026,"CONNECTED HEALTH WWW.CONNECTED PA            04/11",-240.00,DEBIT_CARD,17373.25,,
DEBIT,04/13/2026,"CHEWY.COM 786-320-7111 FL                    04/11",-59.96,DEBIT_CARD,17613.25,,
DEBIT,04/10/2026,"COSTCO WHSE #0332 PITTSBURGH PA              04/09",-292.05,DEBIT_CARD,17673.21,,
DEBIT,04/10/2026,"COSTCO WHSE #0332 PITTSBURGH PA              04/09",-34.65,DEBIT_CARD,17965.26,,
CREDIT,04/10/2026,"GOOGLE LLC       PAYROLL                    PPD ID: J770493581",173.60,ACH_CREDIT,17999.91,,
CREDIT,04/10/2026,"GOOGLE LLC       PAYROLL                    PPD ID: J770493581",248.00,ACH_CREDIT,17826.31,,
CREDIT,04/10/2026,"GOOGLE LLC       PAYROLL                    PPD ID: J770493581",4435.71,ACH_CREDIT,17578.31,,
DEBIT,04/10/2026,"Amazon.com Amzn.com/bill WA                  04/10",192.59,DEBIT_CARD,13142.60,,
DEBIT,04/09/2026,"APPLE.COM/BILL 866-712-7753 CA               04/09",-5.34,DEBIT_CARD,12950.01,,
DEBIT,04/09/2026,"FIVE GUYS PA 1798 ECOM BRIDGEVILLE PA        04/08",-103.27,DEBIT_CARD,12955.35,,
DEBIT,04/09/2026,"GIANT EAGLE #1241 BRIDGEVILLE PA             04/08",-180.12,DEBIT_CARD,13058.62,,
DEBIT,04/09/2026,"PEACE OF MIND PSYCHIAT 412-3197866 PA        04/08",-20.00,DEBIT_CARD,13238.74,,
DEBIT,04/08/2026,"PAYPAL           PURCHASE   PATREON  MEMBER WEB ID: PAYPALSI77",-8.46,ACH_DEBIT,13258.74,,
DEBIT,04/08/2026,"COMCAST-XFINITY  CABLE SVCS                 PPD ID: 0000213249",-40.00,ACH_DEBIT,13267.20,,
DEBIT,04/08/2026,"SOLAR SERVICING  SURE PAY                   PPD ID: CSCSM67178",-220.80,ACH_DEBIT,13307.20,,
DEBIT,04/08/2026,"BMWFINANCIAL SVS BMWFS PYMT                 PPD ID: 1222568977",-760.30,ACH_DEBIT,13528.00,,
DEBIT,04/08/2026,"JFI*PREMIER MARTIAL AR justifi.ai PA         04/07",-50.00,DEBIT_CARD,14288.30,,
DEBIT,04/08/2026,"TROPICAL SMOOTHIE CAFE 240-3205530 VA        04/07",-24.36,DEBIT_CARD,14338.30,,
DEBIT,04/08/2026,"CONNECTED HEALTH PHARM 724-9334320 PA        04/07",-52.00,DEBIT_CARD,14362.66,,
DEBIT,04/08/2026,"Amazon.com*B726H6YG2 Amzn.com/bill WA        04/08",-32.42,DEBIT_CARD,14414.66,,
DEBIT,04/08/2026,"Amazon.com*B76BU3YH2 Amzn.com/bill WA        04/08",-27.20,DEBIT_CARD,14447.08,,
DEBIT,04/08/2026,"LOWES #00907* 866-483-7521 NC                04/07",-854.93,DEBIT_CARD,14474.28,,
DEBIT,04/07/2026,"Online Transfer to GMR ...3259 transaction#: 28740426582 04/07",-25.00,ACCT_XFER,15329.21,,
DEBIT,04/07/2026,"GM Financial     GMF Pymt                   PPD ID: I522190781",-1487.10,ACH_DEBIT,15354.21,,
DEBIT,04/07/2026,"PEACE WITHIN THE MIN support@simpl PA        04/06",-20.00,DEBIT_CARD,16841.31,,
DEBIT,04/07/2026,"AMAZON MKTPL*BC5KQ3G Amzn.com/bill WA        04/07",-50.35,DEBIT_CARD,16861.31,,
DEBIT,04/06/2026,"Online Transfer to GMR ...3259 transaction#: 28720354819 04/06",-25.00,ACCT_XFER,16911.66,,
DEBIT,04/06/2026,"Online Transfer to  SAV ...5337 transaction#: 28328124958",-200.00,ACCT_XFER,16936.66,,
DEBIT,04/06/2026,"Online Transfer to  CHK ...1108 transaction#: 28621989448 04/06",-40.00,ACCT_XFER,17136.66,,
DEBIT,04/06/2026,"Online Transfer to  SAV ...5329 transaction#: 28328056726",-200.00,ACCT_XFER,17176.66,,
DEBIT,04/06/2026,"Online Transfer to  SAV ...8999 transaction#: 28328088415",-200.00,ACCT_XFER,17376.66,,
DEBIT,04/06/2026,"Online Transfer to  CHK ...5269 transaction#: 28622362823 04/06",-25.00,ACCT_XFER,17576.66,,
DEBIT,04/06/2026,"Online Transfer to CHK ...1108 transaction#: 28713936358 04/06",-10.75,ACCT_XFER,17601.66,,
DEBIT,04/06/2026,"AMAZON MKTPL*BG1HV4I Amzn.com/bill WA        04/06",-42.14,DEBIT_CARD,17612.41,,
DEBIT,04/06/2026,"AMAZON MKTPL*BC5VY8T Amzn.com/bill WA        04/06",-56.38,DEBIT_CARD,17654.55,,
DEBIT,04/06/2026,"Amazon.com*BC0GN4TW1 Amzn.com/bill WA        04/06",-35.36,DEBIT_CARD,17710.93,,
DEBIT,04/06/2026,"JFI*PREMIER MARTIAL AR justifi.ai PA         04/05",-194.00,DEBIT_CARD,17746.29,,
DEBIT,04/06/2026,"GIANT EAGLE #1241 BRIDGEVILLE PA             04/04",-326.58,DEBIT_CARD,17940.29,,
DEBIT,04/06/2026,"CVS/PHARMACY #03999 CARNEGIE PA              04/04",-57.14,DEBIT_CARD,18266.87,,
DEBIT,04/06/2026,"VISION GARAGE PITTSBURGH PA                  04/04",-6.00,DEBIT_CARD,18324.01,,
DEBIT,04/06/2026,"SQ *PAAR Pittsburgh PA                       04/04",-200.00,DEBIT_CARD,18330.01,,
DEBIT,04/06/2026,"GOMOBILEPGH 2 www.parkmobil PA               04/04",-3.15,DEBIT_CARD,18530.01,,
DEBIT,04/06/2026,"UBER   *EATS HELP.UBER.COM CA                04/04",-207.64,DEBIT_CARD,18533.16,,
CREDIT,04/06/2026,"Online Transfer from CHK ...4072 transaction#: 28723704002",338.00,ACCT_XFER,18740.80,,
DEBIT,04/03/2026,"NON-CHASE ATM WITHDRAW               352364  04/03160 MILLE",-303.50,ATM,18402.80,,
DEBIT,04/03/2026,"Online Payment 28298535833 To Northwest 04/03",-200.00,BILLPAY,18706.30,,
DEBIT,04/03/2026,"Online Transfer to  CHK ...4072 transaction#: 28312853883 04/03",-500.00,ACCT_XFER,18906.30,,
DEBIT,04/03/2026,"Online Transfer to  CHK ...0459 transaction#: 28312972075 04/03",-500.00,ACCT_XFER,19406.30,,
DEBIT,04/03/2026,"GIANT EAGLE #1241 BRIDGEVILLE PA             04/02",-16.50,DEBIT_CARD,19906.30,,
DEBIT,04/03/2026,"APPLE.COM/BILL 866-712-7753 CA               04/02",-10.69,DEBIT_CARD,19922.80,,
DEBIT,04/03/2026,"SQ *GRANDPA JOE'S CANDY Canonsburg PA        04/02",-324.11,DEBIT_CARD,19933.49,,
DEBIT,04/03/2026,"THE BOROUGH OF CANONSBU CANONSBURG PA        04/02",-2.00,DEBIT_CARD,20257.60,,
DEBIT,04/03/2026,"IPHONE CITIZ*PMT 18 OF 888-2016306 CT        04/02",-62.41,DEBIT_CARD,20259.60,,
DEBIT,04/02/2026,"VERIZON*RECURRING PAY 800-VERIZON FL         04/02",-89.99,DEBIT_CARD,20322.01,,
DEBIT,04/02/2026,"BJS WHOLESALE #388 BRIDGEVILLE PA            04/01",-86.78,DEBIT_CARD,20412.00,,
DEBIT,04/02/2026,"APPLE.COM/BILL 866-712-7753 CA               04/02",-5.34,DEBIT_CARD,20498.78,,
DEBIT,04/01/2026,"PAYPAL           PURCHASE   SPOTIFY*P410556 WEB ID: PAYPALSI77",-23.53,ACH_DEBIT,20504.12,,
DEBIT,04/01/2026,"Online Transfer to CHK ...5269 transaction#: 28663794330 04/01",-25.00,ACCT_XFER,20527.65,,
DEBIT,04/01/2026,"GIANT EAGLE #1241 BRIDGEVILLE PA             04/01",-49.90,DEBIT_CARD,20552.65,,
DEBIT,04/01/2026,"Online Payment 28270552624 To Northwest 04/01",-200.00,BILLPAY,20602.55,,
DEBIT,04/01/2026,"FirstEnergy      OPCO-ACH                   PPD ID: 1341968288",-395.85,ACH_DEBIT,20802.55,,
DEBIT,04/01/2026,"GIANT EAGLE #1241 BRIDGEVILLE PA             03/31",-233.92,DEBIT_CARD,21198.40,,
DEBIT,04/01/2026,"MCDONALD'S F6822 BRIDGEVILLE PA              03/31",-45.41,DEBIT_CARD,21432.32,,
DEBIT,04/01/2026,"BJS WHOLESALE #388 BRIDGEVILLE PA            03/31",-394.84,DEBIT_CARD,21477.73,,
DEBIT,04/01/2026,"BJS WHOLESALE #388 BRIDGEVILLE PA            03/31",-99.99,DEBIT_CARD,21872.57,,
DEBIT,03/31/2026,"Online Transfer to CHK ...0459 transaction#: 28645750426 03/31",-340.00,ACCT_XFER,21972.56,,
DEBIT,03/31/2026,"APPLECARD GSBANK PAYMENT    466580          WEB ID: 9999999999",-137.00,ACH_DEBIT,22312.56,,
DEBIT,03/31/2026,"Model Cleaners Plant 724-4899553 PA          03/30",-94.54,DEBIT_CARD,22449.56,,
CREDIT,03/31/2026,"Online Transfer from CHK ...5269 transaction#: 28645922452",320.00,ACCT_XFER,22544.10,,
DEBIT,03/30/2026,"DOMESTIC INCOMING WIRE FEE",-15.00,FEE_TRANSACTION,22224.10,,
DEBIT,03/30/2026,"PAYPAL           INST XFER  EGMEDIAINVE     WEB ID: PAYPALSI77",-29.95,ACH_DEBIT,22239.10,,
DEBIT,03/30/2026,"PAYPAL           INST XFER  ABCOUNSELINGNOW WEB ID: PAYPALSI77",-125.00,ACH_DEBIT,22269.05,,
DEBIT,03/30/2026,"Online Transfer to GMR ...3259 transaction#: 28627820778 03/30",-113.00,ACCT_XFER,22394.05,,
DEBIT,03/30/2026,"PEACE WITHIN THE MIN support@simpl PA        03/30",-20.00,DEBIT_CARD,22507.05,,
DEBIT,03/30/2026,"APPLE.COM/BILL 866-712-7753 CA               03/30",-39.73,DEBIT_CARD,22527.05,,
DEBIT,03/30/2026,"Online Transfer to GMR ...3259 transaction#: 28621389679 03/30",-25.00,ACCT_XFER,22566.78,,
DEBIT,03/30/2026,"Online Transfer to  CHK ...5269 transaction#: 28539832714 03/30",-25.00,ACCT_XFER,22591.78,,
DEBIT,03/30/2026,"Online Transfer to  CHK ...1108 transaction#: 28538092562 03/30",-40.00,ACCT_XFER,22616.78,,
DEBIT,03/30/2026,"APPLE.COM/BILL 866-712-7753 CA               03/30",-29.99,DEBIT_CARD,22656.78,,
DEBIT,03/30/2026,"BJS WHOLESALE #388 BRIDGEVILLE PA            03/29",-186.12,DEBIT_CARD,22686.77,,
DEBIT,03/30/2026,"TRADER JOE S #63 1600 PITTSBURGH PA  557107  03/29",-161.76,DEBIT_CARD,22872.89,,
DEBIT,03/30/2026,"DUNKIN #356242 412-321-0313 PA               03/29",-46.93,DEBIT_CARD,23034.65,,
DEBIT,03/30/2026,"UBER * EATS PENDING SAN FRANCISCO CA         03/28",-37.11,DEBIT_CARD,23081.58,,
DEBIT,03/30/2026,"UPLIFT DESK 800-349-3839 TX                  03/28",-148.73,DEBIT_CARD,23118.69,,
DEBIT,03/30/2026,"LOWE'S #2417 CARNEGIE PA             269824  03/28",-18.17,DEBIT_CARD,23267.42,,
DEBIT,03/30/2026,"FIREBIRDS OF S FAYETTE BRIDGEVILLE PA        03/29",-107.68,DEBIT_CARD,23285.59,,
DEBIT,03/30/2026,"AMAZON MKTPL*B50DF78 Amzn.com/bill WA        03/28",-52.96,DEBIT_CARD,23393.27,,
DEBIT,03/30/2026,"APPLE.COM/BILL 866-712-7753 CA               03/28",-8.55,DEBIT_CARD,23446.23,,
DEBIT,03/30/2026,"CHEWY.COM 786-320-7111 FL                    03/28",-59.96,DEBIT_CARD,23454.78,,
DEBIT,03/30/2026,"Amazon.com*BG95O7CY1 Amzn.com/bill WA        03/28",-340.21,DEBIT_CARD,23514.74,,
DEBIT,03/30/2026,"LJS #70014 https://prod. PA                  03/27",-63.82,DEBIT_CARD,23854.95,,
DEBIT,03/30/2026,"AMAZON MKTPL*B53OL39 Amzn.com/bill WA        03/27",-23.51,DEBIT_CARD,23918.77,,
CREDIT,03/30/2026,"FEDWIRE CREDIT VIA: WELLS FARGO BANK, N.A./121000248 B/O: 1/ADAM BURSEY 3/US/BRIDGEVILLE,15017 2079,PA REF: CHASE NYC/CTR/BNF=ANN BURSEY OR ADAM DREW BURSEY BRIDGEVILLE PA 15017- 2079 US/AC-000009760616 RFB=NOTPROV IDED BBI=/CHGS/USD0,00/CHGS/USD0,00/ACC/9 76061674765 1/ADAM BURSEY 2/CELEBRA TION CIRCLE,1 IMAD: 0330I1B7033R008427 TRN: 0518481089FF",16207.14,WIRE_INCOMING,23942.28,,
DEBIT,03/27/2026,"APPLE.COM/BILL 866-712-7753 CA               03/27",-28.42,DEBIT_CARD,7735.14,,
DEBIT,03/27/2026,"TROPICAL SMOOTHIE CAFE 312-5432155 PA        03/26",-12.50,DEBIT_CARD,7763.56,,
DEBIT,03/27/2026,"CVS/PHARMACY #03999 CARNEGIE PA              03/26",-5.29,DEBIT_CARD,7776.06,,
DEBIT,03/27/2026,"PITTSBURGH MOBILE VE WWW.PGHMOBILE PA        03/26",-472.36,DEBIT_CARD,7781.35,,
DEBIT,03/27/2026,"APPLE.COM/BILL 866-712-7753 CA               03/26",-21.39,DEBIT_CARD,8253.71,,
DEBIT,03/27/2026,"GOOGLE *Google One 855-836-3987 CA           03/27",-26.74,DEBIT_CARD,8275.10,,
CREDIT,03/27/2026,"GOOGLE LLC       PAYROLL                    PPD ID: J770493581",4003.64,ACH_CREDIT,8301.84,,
DEBIT,03/26/2026,"PENNSYLVANIA-AME PAYMENT                    PPD ID: 7251008096",-156.30,ACH_DEBIT,4298.20,,
DEBIT,03/26/2026,"SOUTH FAYETTE MA PAYMENTS   0001006617.2    WEB ID: 1251250775",-164.64,ACH_DEBIT,4454.50,,
DEBIT,03/26/2026,"Amazon.com*B53PM5T10 Amzn.com/bill WA        03/26",-192.59,DEBIT_CARD,4619.14,,
DEBIT,03/26/2026,"DNH*GODADDY 480-505-8855 AZ                  03/25",-42.19,DEBIT_CARD,4811.73,,
DEBIT,03/25/2026,"ATM WITHDRAWAL                       000047  03/251163 WASH",-1095.00,ATM,4853.92,,
CHECK,03/25/2026,"CHECK 1803  ",-169.60,CHECK_PAID,5948.92,1803,
DEBIT,03/25/2026,"BJS WHOLESALE #388 BRIDGEVILLE PA            03/24",-115.91,DEBIT_CARD,6118.52,,
DEBIT,03/25/2026,"AT *HIST SOC W PA 412-454-6000 PA            03/24",-50.00,DEBIT_CARD,6234.43,,
CREDIT,03/25/2026,"Online Transfer from CHK ...5269 transaction#: 28567046191",52.00,ACCT_XFER,6284.43,,
DEBIT,03/24/2026,"PEOPLES NATURAL  GAS BILL                   PPD ID: 9849096001",-213.32,ACH_DEBIT,6232.43,,
DEBIT,03/24/2026,"EARNEST NRI MO   AUTOPAY                    PPD ID: H431261525",-753.49,ACH_DEBIT,6445.75,,
DEBIT,03/24/2026,"PEACE WITHIN THE MIN support@simpl PA        03/23",-20.00,DEBIT_CARD,7199.24,,
DEBIT,03/24/2026,"BJ'S FUEL #9388 BRIDGEVILLE PA               03/23",-100.94,DEBIT_CARD,7219.24,,
DEBIT,03/24/2026,"GIANT EAGLE #1241 BRIDGEVILLE PA             03/23",-402.57,DEBIT_CARD,7320.18,,
DEBIT,03/24/2026,"AMAZON MKTPL*B53O50A Amzn.com/bill WA        03/24",-14.83,DEBIT_CARD,7722.75,,
DEBIT,03/24/2026,"BJS WHOLESALE #388 BRIDGEVILLE PA            03/23",-14.97,DEBIT_CARD,7737.58,,
DEBIT,03/24/2026,"AMAZON MKTPL*BG7UP65 Amzn.com/bill WA        03/24",-120.84,DEBIT_CARD,7752.55,,
CREDIT,03/23/2026,"INTEREST PAYMENT",0.08,MISC_CREDIT,7873.39,,
DEBIT,03/23/2026,"PAYPAL           INST XFER  ADOBE INC ADOBE WEB ID: PAYPALSI77",-42.39,ACH_DEBIT,7873.31,,
DEBIT,03/23/2026,"Online Transfer to CHK ...5269 transaction#: 28540937746 03/23",-125.00,ACCT_XFER,7915.70,,
CHECK,03/23/2026,"CHECK 1805  ",-100.00,CHECK_PAID,8040.70,1805,
CHECK,03/23/2026,"CHECK 1802  ",-100.00,CHECK_PAID,8140.70,1802,
CHECK,03/23/2026,"CHECK 1806  ",-10.00,CHECK_PAID,8240.70,1806,
CHECK,03/23/2026,"CHECK 1808  ",-10.00,CHECK_PAID,8250.70,1808,
CHECK,03/23/2026,"CHECK 1809  ",-13.00,CHECK_PAID,8260.70,1809,
DEBIT,03/23/2026,"Online Transfer to GMR ...3259 transaction#: 28539849082 03/23",-25.00,ACCT_XFER,8273.70,,
DEBIT,03/23/2026,"Online Transfer to CHK ...5269 transaction#: 28539832680 03/23",-25.00,ACCT_XFER,8298.70,,
DEBIT,03/23/2026,"Online Transfer to  CHK ...1108 transaction#: 28452681443 03/23",-40.00,ACCT_XFER,8323.70,,
DEBIT,03/23/2026,"CHASE CREDIT CRD AUTOPAY                    PPD ID: 4760039224",-76.73,ACH_DEBIT,8363.70,,
DEBIT,03/23/2026,"UBER * EATS PENDING SAN FRANCISCO CA         03/22",-242.12,DEBIT_CARD,8440.43,,
DEBIT,03/23/2026,"Online Transfer to SAV ...9301 transaction#: 28531871873 03/23",-20000.00,ACCT_XFER,8682.55,,
DEBIT,03/23/2026,"GOOGLE *DesktopShipp g.co/helppay# CA        03/22",-57.94,DEBIT_CARD,28682.55,,
DEBIT,03/23/2026,"NON-CHASE ATM WITHDRAW               002907  03/224000 VICT",-123.25,ATM,28740.49,,
DEBIT,03/23/2026,"BJS.COM EXP 800-257-2582 MA                  03/22",-88.99,DEBIT_CARD,28863.74,,
DEBIT,03/23/2026,"OFFICE DEPOT #100 BETHEL PARK PA             03/21",-71.33,DEBIT_CARD,28952.73,,
DEBIT,03/23/2026,"ATT              PAYMENT                    PPD ID: 9864031004",-350.19,MISC_DEBIT,29024.06,,
DEBIT,03/23/2026,"TRACTOR SUPPLY   ONLINE PMT 631962641551371 WEB ID: CITICTP",-856.95,ACH_DEBIT,29374.25,,
DEBIT,03/23/2026,"UBER   *EATS HELP.UBER.COM CA                03/21",-181.50,DEBIT_CARD,30231.20,,
DEBIT,03/23/2026,"ROBINSON ANIMAL HOSPI MCKEES ROCKS PA        03/20",-55.40,DEBIT_CARD,30412.70,,
DEBIT,03/23/2026,"DANDYS WORL 646-827-0015 NY                  03/20",-87.74,DEBIT_CARD,30468.10,,
DEBIT,03/23/2026,"Amazon.com*BG9CB1CX2 Amzn.com/bill WA        03/21",-35.36,DEBIT_CARD,30555.84,,
DEBIT,03/23/2026,"AMAZON MKTPL*BD1280X Amzn.com/bill WA        03/21",-56.38,DEBIT_CARD,30591.20,,
CREDIT,03/23/2026,"Online Transfer from CHK ...0459 transaction#: 28540525822",160.00,ACCT_XFER,30647.58,,
DEBIT,03/20/2026,"MICROSOFT*STORE REDMOND WA                   03/21",-17.64,DEBIT_CARD,30487.58,,
DEBIT,03/20/2026,"VENMO *Giovanni Romeo New York NY            03/20",-615.00,DEBIT_CARD,30505.22,,
DEBIT,03/20/2026,"ADVS ED SERV PPD STUDNTLOAN                 PPD ID: 9102001101",-660.76,ACH_DEBIT,31120.22,,
DEBIT,03/20/2026,"AMAZON MKTPL*B57DO7I Amzn.com/bill WA        03/20",-35.11,DEBIT_CARD,31780.98,,
CREDIT,03/20/2026,"GOOGLE LLC       PAYROLL                    PPD ID: J770493581",27710.28,ACH_CREDIT,31816.09,,
DEBIT,03/19/2026,"Netflix.com netflix.com CA                   03/19",-26.74,DEBIT_CARD,4105.81,,
DEBIT,03/19/2026,"GIANT EAGLE #1241 BRIDGEVILLE PA             03/18",-234.40,DEBIT_CARD,4132.55,,
DEBIT,03/19/2026,"PITTSBURGH MOBILE VE WWW.PGHMOBILE PA        03/18",-78.00,DEBIT_CARD,4366.95,,
DEBIT,03/19/2026,"SHANTI BLISS WELLNES WWW.SHANTIBLI PA        03/18",-20.00,DEBIT_CARD,4444.95,,
CREDIT,03/19/2026,"Online Transfer from CHK ...4072 transaction#: 28494618518",27.06,ACCT_XFER,4464.95,,
DEBIT,03/18/2026,"APPLE.COM/BILL 866-712-7753 CA               03/18",-34.21,DEBIT_CARD,4437.89,,
DEBIT,03/17/2026,"CONNECTED HEALTH WWW.CONNECTED PA            03/17",-477.00,DEBIT_CARD,4472.10,,
DEBIT,03/17/2026,"Pet Supplies Plus 0226 Bridgeville PA        03/16",-118.04,DEBIT_CARD,4949.10,,
DEBIT,03/17/2026,"APPLE.COM/BILL 866-712-7753 CA               03/16",-10.69,DEBIT_CARD,5067.14,,
DEBIT,03/17/2026,"CAREMARK MAIL 888-892-7227 IL                03/16",-68.11,DEBIT_CARD,5077.83,,
DEBIT,03/17/2026,"ST CLAIR ORTHOPEDIC ASS PITTSBURGH PA        03/16",-30.00,DEBIT_CARD,5145.94,,
DEBIT,03/17/2026,"Model Cleaners Plant 724-4899553 PA          03/16",-77.27,DEBIT_CARD,5175.94,,
CREDIT,03/17/2026,"Online Transfer from SAV ...9301 transaction#: 28468176523",4000.00,ACCT_XFER,5253.21,,
DEBIT,03/16/2026,"PAYPAL           INST XFER  TRADERJACKS     WEB ID: PAYPALSI77",-60.00,ACH_DEBIT,1253.21,,
DEBIT,03/16/2026,"PAYPAL           INST XFER  TRADERJACKS     WEB ID: PAYPALSI77",-140.00,ACH_DEBIT,1313.21,,
DEBIT,03/16/2026,"NEWREZ-SHELLPOIN ACH PMT                    PPD ID: 6371542226",-2100.57,ACH_DEBIT,1453.21,,
DEBIT,03/16/2026,"PEACE WITHIN THE MIN support@simpl PA        03/16",-20.00,DEBIT_CARD,3553.78,,
DEBIT,03/16/2026,"CHASE CREDIT CRD AUTOPAY                    PPD ID: 4760039224",-193.00,ACH_DEBIT,3573.78,,
DEBIT,03/16/2026,"Online Transfer to  CHK ...1108 transaction#: 28363633915 03/16",-40.00,ACCT_XFER,3766.78,,
DEBIT,03/16/2026,"GIANT EAGLE #1241 BRIDGEVILLE PA             03/15",-85.85,DEBIT_CARD,3806.78,,
DEBIT,03/16/2026,"APPLE.COM/BILL 866-712-7753 CA               03/15",-26.73,DEBIT_CARD,3892.63,,
DEBIT,03/16/2026,"CHEWY.COM 786-320-7111 FL                    03/15",-59.96,DEBIT_CARD,3919.36,,
DEBIT,03/16/2026,"APPLE.COM/BILL 866-712-7753 CA               03/14",-21.04,DEBIT_CARD,3979.32,,
DEBIT,03/16/2026,"LOWES #01200* PITTSBURGH PA                  03/13",-272.00,DEBIT_CARD,4000.36,,
DEBIT,03/16/2026,"COSTCO WHSE #0332 PITTSBURGH PA              03/13",-2.97,DEBIT_CARD,4272.36,,
DEBIT,03/16/2026,"COSTCO WHSE #0332 PITTSBURGH PA              03/13",-200.95,DEBIT_CARD,4275.33,,
DEBIT,03/16/2026,"AMFAM INSURANCE PX7 800-535-2001 WI          03/13",-321.80,DEBIT_CARD,4476.28,,
DEBIT,03/13/2026,"BJS WHOLESALE #3 4000 BRIDGEVILLE PA 363712  03/13",-40.02,DEBIT_CARD,4798.08,,
DEBIT,03/13/2026,"APPLE.COM/BILL 866-712-7753 CA               03/13",-34.23,DEBIT_CARD,4838.10,,
DEBIT,03/13/2026,"BJS WHOLESALE #388 BRIDGEVILLE PA            03/12",-240.15,DEBIT_CARD,4872.33,,
DEBIT,03/13/2026,"PA DRIVER & VEHICLE MICHAPATTE@PA PA         03/12",-283.00,DEBIT_CARD,5112.48,,
DEBIT,03/13/2026,"WM.COM 866-909-4458 TX                       03/12",-13.77,DEBIT_CARD,5395.48,,
DEBIT,03/13/2026,"ECSI HEARTLAND ECSI PA 888-5493274 PA        03/12",-12.30,DEBIT_CARD,5409.25,,
DEBIT,03/13/2026,"GOOGLE *YouTubePremi g.co/helppay# CA        03/12",-24.60,DEBIT_CARD,5421.55,,
DEBIT,03/13/2026,"APPLE.COM/BILL 866-712-7753 CA               03/12",-3.20,DEBIT_CARD,5446.15,,
CREDIT,03/13/2026,"GOOGLE LLC       PAYROLL                    PPD ID: J770493581",398.70,ACH_CREDIT,5449.35,,
CREDIT,03/13/2026,"GOOGLE LLC       PAYROLL                    PPD ID: J770493581",3512.72,ACH_CREDIT,5050.65,,
DEBIT,03/12/2026,"MICROSOFT*REALMS JAVA REDMOND WA             03/12",-8.55,DEBIT_CARD,1537.93,,
DEBIT,03/12/2026,"MICROSOFT*REALMS JAVA REDMOND WA             03/12",-8.55,DEBIT_CARD,1546.48,,
DEBIT,03/12/2026,"APPLE.COM/BILL 866-712-7753 CA               03/11",-10.69,DEBIT_CARD,1555.03,,
DEBIT,03/12/2026,"DNH*GODADDY 480-505-8855 AZ                  03/11",-52.98,DEBIT_CARD,1565.72,,
DEBIT,03/11/2026,"Online Payment 27968852899 To Washington Financial Bank 03/11",-6345.06,BILLPAY,1618.70,,
DEBIT,03/11/2026,"APPLE.COM/BILL 866-712-7753 CA               03/11",-53.49,DEBIT_CARD,7963.76,,
DEBIT,03/11/2026,"CONNECTED HEALTH WWW.CONNECTED PA            03/11",-240.00,DEBIT_CARD,8017.25,,
DEBIT,03/11/2026,"BJ'S FUEL #9388 BRIDGEVILLE PA               03/10",-67.59,DEBIT_CARD,8257.25,,
DEBIT,03/11/2026,"CONNECTED HEALTH PHARM 724-9334320 PA        03/10",-52.00,DEBIT_CARD,8324.84,,
DEBIT,03/10/2026,"SELECTBLINDS, LLC CHANDLER AZ                03/10",-194.83,DEBIT_CARD,8376.84,,
DEBIT,03/10/2026,"PAYPAL           INST XFER  STEAM GAMES     WEB ID: PAYPALSI77",-1.72,ACH_DEBIT,8571.67,,
DEBIT,03/10/2026,"SHANTI BLISS WELLNES WWW.SHANTIBLI PA        03/10",-20.00,DEBIT_CARD,8573.39,,
DEBIT,03/10/2026,"SOLAR SERVICING  SURE PAY                   PPD ID: CSCSM67178",-220.80,ACH_DEBIT,8593.39,,
DEBIT,03/10/2026,"AMAZON MKTPL*BD0OF6L Amzn.com/bill WA        03/09",-29.20,DEBIT_CARD,8814.19,,
DEBIT,03/10/2026,"NATIONAL AVIARY PITTSBURGH PA                03/09",-7.00,DEBIT_CARD,8843.39,,
DEBIT,03/10/2026,"NATIONAL AVIARY - ECO 412-323-7235 PA        03/09",-70.00,DEBIT_CARD,8850.39,,
DEBIT,03/10/2026,"AMAZON MKTPL*BD3Q19F Amzn.com/bill WA        03/09",-20.66,DEBIT_CARD,8920.39,,
DEBIT,03/10/2026,"AMAZON MKTPL*BE13529 Amzn.com/bill WA        03/10",-50.35,DEBIT_CARD,8941.05,,
DEBIT,03/10/2026,"AMAZON MKTPL*BP5DX9E Amzn.com/bill WA        03/10",-50.35,DEBIT_CARD,8991.40,,
DEBIT,03/09/2026,"CVS/PHARMACY #03999 CARNEGIE PA              03/09",-6.09,DEBIT_CARD,9041.75,,
DEBIT,03/09/2026,"PEACE WITHIN THE MIN support@simpl PA        03/09",-20.00,DEBIT_CARD,9047.84,,
DEBIT,03/09/2026,"Online Transfer to  CHK ...1108 transaction#: 28281040157 03/09",-40.00,ACCT_XFER,9067.84,,
DEBIT,03/09/2026,"PAYPAL           INST XFER  PATREON  MEMBER WEB ID: PAYPALSI77",-8.46,ACH_DEBIT,9107.84,,
DEBIT,03/09/2026,"COMCAST-XFINITY  CABLE SVCS                 PPD ID: 0000213249",-40.00,ACH_DEBIT,9116.30,,
DEBIT,03/09/2026,"PAYPAL           INST XFER  MEDIUM.COM      WEB ID: PAYPALSI77",-50.00,ACH_DEBIT,9156.30,,
DEBIT,03/09/2026,"BMWFINANCIAL SVS BMWFS PYMT                 PPD ID: 1222568977",-760.30,ACH_DEBIT,9206.30,,
DEBIT,03/09/2026,"BJS.COM EXP 800-257-2582 MA                  03/08",-170.19,DEBIT_CARD,9966.60,,
DEBIT,03/09/2026,"MARKET DISTRICT #0014 BETHEL PARK PA         03/08",-456.49,DEBIT_CARD,10136.79,,
DEBIT,03/09/2026,"UBR* PENDING.UBER.CO SAN FRANCISCO CA        03/07",-39.93,DEBIT_CARD,10593.28,,
DEBIT,03/09/2026,"UBER   *EATS HELP.UBER.COM CA                03/08",-165.80,DEBIT_CARD,10633.21,,
DEBIT,03/09/2026,"CVS/PHARMACY #03999 CARNEGIE PA              03/07",-5.43,DEBIT_CARD,10799.01,,
DEBIT,03/09/2026,"GM Financial     GMF Pymt                   PPD ID: I522190781",-1487.10,ACH_DEBIT,10804.44,,
DEBIT,03/09/2026,"BJS WHOLESALE #388 BRIDGEVILLE PA            03/06",-247.06,DEBIT_CARD,12291.54,,
DEBIT,03/06/2026,"UBR* PENDING.UBER.CO SAN FRANCISCO CA        03/06",-65.97,DEBIT_CARD,12538.60,,
DEBIT,03/06/2026,"Online Transfer to  SAV ...8999 transaction#: 28321652267",-200.00,ACCT_XFER,12604.57,,
DEBIT,03/06/2026,"Online Transfer to  SAV ...5329 transaction#: 28321672149",-200.00,ACCT_XFER,12804.57,,
DEBIT,03/06/2026,"Online Transfer to  SAV ...5337 transaction#: 28321656358",-200.00,ACCT_XFER,13004.57,,
DEBIT,03/05/2026,"UBER * EATS PENDING SAN FRANCISCO CA         03/05",-69.07,DEBIT_CARD,13204.57,,
DEBIT,03/05/2026,"Online Transfer to SAV ...9301 transaction#: 28317350243 03/05",-4000.00,ACCT_XFER,13273.64,,
DEBIT,03/05/2026,"JFI*PREMIER MARTIAL AR justifi.ai PA         03/05",-194.00,DEBIT_CARD,17273.64,,
DEBIT,03/05/2026,"Online Transfer to  CHK ...0459 transaction#: 27957099869 03/05",-500.00,ACCT_XFER,17467.64,,
DEBIT,03/05/2026,"Online Transfer to  CHK ...4072 transaction#: 27957167368 03/05",-500.00,ACCT_XFER,17967.64,,
DEBIT,03/05/2026,"APPLE.COM/BILL 866-712-7753 CA               03/05",-37.41,DEBIT_CARD,18467.64,,
DEBIT,03/05/2026,"PEACE OF MIND PSYCHIAT 412-3197866 PA        03/04",-20.00,DEBIT_CARD,18505.05,,
DEBIT,03/04/2026,"Online Payment 27943887618 To Northwest 03/04",-200.00,BILLPAY,18525.05,,
DEBIT,03/04/2026,"SQ *GRANDPA JOE'S CANDY Canonsburg PA        03/03",-185.40,DEBIT_CARD,18725.05,,
DEBIT,03/04/2026,"SHANTI BLISS WELLNES WWW.SHANTIBLI PA        03/03",-20.00,DEBIT_CARD,18910.45,,
DEBIT,03/04/2026,"THE BOROUGH OF CANONSBU CANONSBURG PA        03/03",-1.00,DEBIT_CARD,18930.45,,
DEBIT,03/04/2026,"CANON HILL VETERINARY 724-7460128 PA         03/03",-182.00,DEBIT_CARD,18931.45,,
DEBIT,03/04/2026,"Amazon.com*BP09Y23H2 Amzn.com/bill WA        03/03",-31.72,DEBIT_CARD,19113.45,,
DEBIT,03/04/2026,"Amazon.com*B92XW3U50 Amzn.com/bill WA        03/03",-31.93,DEBIT_CARD,19145.17,,
DEBIT,03/03/2026,"NEWBURY NEIGHBOR Assn Dues  64368541        WEB ID: HOAPAYMENT",-128.00,ACH_DEBIT,19177.10,,
DEBIT,03/03/2026,"FirstEnergy      OPCO-ACH                   PPD ID: 1341968288",-603.89,ACH_DEBIT,19305.10,,
DEBIT,03/03/2026,"BJS WHOLESALE #388 BRIDGEVILLE PA            03/02",-323.60,DEBIT_CARD,19908.99,,
DEBIT,03/03/2026,"SQ *PEACE WITHIN THE MI gosq.com PA          03/02",-140.00,DEBIT_CARD,20232.59,,
DEBIT,03/03/2026,"BJS.COM EXP 800-257-2582 MA                  03/02",-17.64,DEBIT_CARD,20372.59,,
DEBIT,03/03/2026,"IPHONE CITIZ*PMT 17 OF 888-2016306 CT        03/02",-62.41,DEBIT_CARD,20390.23,,
DEBIT,03/02/2026,"DOMESTIC INCOMING WIRE FEE",-15.00,FEE_TRANSACTION,20452.64,,
DEBIT,03/02/2026,"Online Transfer to CHK ...0459 transaction#: 28283259524 03/02",-432.00,ACCT_XFER,20467.64,,
DEBIT,03/02/2026,"Online Transfer to CHK ...1108 transaction#: 28281040119 03/02",-40.00,ACCT_XFER,20899.64,,
DEBIT,03/02/2026,"Online Payment 27917803916 To Northwest 03/02",-200.00,BILLPAY,20939.64,,
DEBIT,03/02/2026,"VERIZON*RECURRING PAY 800-VERIZON FL         03/02",-89.99,DEBIT_CARD,21139.64,,
DEBIT,03/02/2026,"PAYPAL           INST XFER  SPOTIFY*P3FEABD WEB ID: PAYPALSI77",-23.53,ACH_DEBIT,21229.63,,
DEBIT,03/02/2026,"APPLECARD GSBANK PAYMENT    466580          WEB ID: 9999999999",-99.00,ACH_DEBIT,21253.16,,
DEBIT,03/02/2026,"APPLE.COM/BILL 866-712-7753 CA               03/02",-23.52,DEBIT_CARD,21352.16,,
DEBIT,03/02/2026,"FIREBIRDS OF S FAYETTE BRIDGEVILLE PA        03/01",-96.51,DEBIT_CARD,21375.68,,
DEBIT,03/02/2026,"APPLE.COM/BILL 866-712-7753 CA               02/28",-39.73,DEBIT_CARD,21472.19,,
DEBIT,03/02/2026,"APPLE.COM/BILL 866-712-7753 CA               02/28",-8.55,DEBIT_CARD,21511.92,,
DEBIT,03/02/2026,"APPLE.COM/BILL 866-712-7753 CA               02/28",-29.99,DEBIT_CARD,21520.47,,
DEBIT,03/02/2026,"CHEWY.COM 786-320-7111 FL                    02/28",-59.96,DEBIT_CARD,21550.46,,
DEBIT,03/02/2026,"AMAZON MKTPL*BE9PS1Q Amzn.com/bill WA        02/28",-22.25,DEBIT_CARD,21610.42,,
DEBIT,03/02/2026,"AMAZON MKTPL*B90EW8T Amzn.com/bill WA        02/28",-53.24,DEBIT_CARD,21632.67,,
DEBIT,03/02/2026,"MARKET DISTRICT #0014 BETHEL PARK PA         02/27",-405.61,DEBIT_CARD,21685.91,,
CREDIT,03/02/2026,"FEDWIRE CREDIT VIA: WELLS FARGO BANK, N.A./121000248 B/O: 1/GOOG: ALPHABET INC CLASS C OMNIBU3/US/SAN FRANCISCO,94105,CA REF: CHASE NYC/CTR/BNF=ANN BURSEY OR ADAM DREW BURSEY BRIDGEVILLE PA 15017- 2079 US/AC-000009760616 RFB=NOTPROV IDED OBI=/ULTD/ADAM BURSEY/US/BRIDG EVILLE BBI=/CHGS/USD0,00/CHGS/USD0, 0 IMAD: 0302I1B7032R014155 TRN: 0834211061FF",16095.79,WIRE_INCOMING,22091.52,,
DEBIT,02/27/2026,"MICHAELS STORES 9944 4 BETHEL PARK PA        02/27",-54.00,DEBIT_CARD,5995.73,,
DEBIT,02/27/2026,"SOERGEL GREENHOUSES WEXFORD PA               02/27",-47.21,DEBIT_CARD,6049.73,,
DEBIT,02/27/2026,"WOOFLES PREMIER PET R 412-249-8201 PA        02/26",-36.00,DEBIT_CARD,6096.94,,
DEBIT,02/27/2026,"GOOGLE *Google One 855-836-3987 CA           02/27",-26.74,DEBIT_CARD,6132.94,,
CREDIT,02/27/2026,"GOOGLE LLC       PAYROLL                    PPD ID: J770493581",3808.90,ACH_CREDIT,6159.68,,
DEBIT,02/26/2026,"SOUTH FAYETTE MA PAYMENTS   0001006617.2    WEB ID: 1251250775",-322.88,ACH_DEBIT,2350.78,,
DEBIT,02/26/2026,"APPLE.COM/BILL 866-712-7753 CA               02/26",-42.77,DEBIT_CARD,2673.66,,
DEBIT,02/26/2026,"WOOFLES PREMIER PET R 412-249-8201 PA        02/25",-36.00,DEBIT_CARD,2716.43,,
DEBIT,02/25/2026,"ATM WITHDRAWAL                       009161  02/251163 WASH",-1095.00,ATM,2752.43,,
DEBIT,02/25/2026,"PENNSYLVANIA-AME PAYMENT                    PPD ID: 7251008096",-180.18,ACH_DEBIT,3847.43,,
DEBIT,02/25/2026,"WOOFLES PREMIER PET R 412-249-8201 PA        02/24",-36.00,DEBIT_CARD,4027.61,,
DEBIT,02/25/2026,"APPLE.COM/BILL 866-712-7753 CA               02/24",-16.02,DEBIT_CARD,4063.61,,
DEBIT,02/25/2026,"SHANTI BLISS WELLNES WWW.SHANTIBLI PA        02/24",-20.00,DEBIT_CARD,4079.63,,
DEBIT,02/25/2026,"APPLE.COM/BILL 866-712-7753 CA               02/24",-26.72,DEBIT_CARD,4099.63,,
CREDIT,02/24/2026,"INTEREST PAYMENT",0.07,MISC_CREDIT,4126.35,,
DEBIT,02/24/2026,"KEYCHRON         IAT PAYPAL 1048511983426   WEB ID: 770510487C",-40.20,ACH_DEBIT,4126.28,,
DEBIT,02/24/2026,"PEOPLES NATURAL  GAS BILL                   PPD ID: 9849096001",-378.08,ACH_DEBIT,4166.48,,
DEBIT,02/24/2026,"EARNEST NRI MO   AUTOPAY                    PPD ID: H431261525",-753.49,ACH_DEBIT,4544.56,,
DEBIT,02/24/2026,"WOOFLES PREMIER PET R 412-249-8201 PA        02/23",-31.09,DEBIT_CARD,5298.05,,
DEBIT,02/24/2026,"UBER   *EATS HELP.UBER.COM CA                02/23",-143.13,DEBIT_CARD,5329.14,,
DEBIT,02/23/2026,"PAYPAL           INST XFER  ADOBE INC ADOBE WEB ID: PAYPALSI77",-42.39,ACH_DEBIT,5472.27,,
DEBIT,02/23/2026,"PAYPAL           INST XFER  ABCOUNSELINGNOW WEB ID: PAYPALSI77",-125.00,ACH_DEBIT,5514.66,,
DEBIT,02/23/2026,"CHASE CREDIT CRD AUTOPAY                    PPD ID: 4760039224",-2656.73,ACH_DEBIT,5639.66,,
DEBIT,02/23/2026,"LJS70014 LAKE STATION IN                     02/22",-19.23,DEBIT_CARD,8296.39,,
DEBIT,02/23/2026,"CVS/PHARMACY #03 03999 CARNEGIE PA   233861  02/22",-74.95,DEBIT_CARD,8315.62,,
DEBIT,02/23/2026,"BJS WHOLESALE #388 BRIDGEVILLE PA            02/22",-174.56,DEBIT_CARD,8390.57,,
DEBIT,02/23/2026,"DUNKIN #356242 412-321-0313 PA               02/22",-67.30,DEBIT_CARD,8565.13,,
DEBIT,02/23/2026,"WWW.CVS.COM 888-607-4287 RI                  02/22",-20.50,DEBIT_CARD,8632.43,,
DEBIT,02/23/2026,"McDonalds 6822 BRIDGEVILLE PA                02/22",-54.00,DEBIT_CARD,8652.93,,
DEBIT,02/23/2026,"WOOFLES PREMIER PET R 412-249-8201 PA        02/21",-36.00,DEBIT_CARD,8706.93,,
DEBIT,02/23/2026,"WOOFLES PREMIER PET R 412-249-8201 PA        02/21",-100.00,DEBIT_CARD,8742.93,,
DEBIT,02/23/2026,"ATT              PAYMENT                    PPD ID: 9864031004",-350.18,MISC_DEBIT,8842.93,,
DEBIT,02/23/2026,"RAISING CANES 0933 MO 972-769-3100 PA        02/21",-85.26,DEBIT_CARD,9193.11,,
DEBIT,02/23/2026,"WOOFLES PREMIER PET R 412-249-8201 PA        02/20",-36.00,DEBIT_CARD,9278.37,,
DEBIT,02/20/2026,"CVS/PHARMACY #03999 CARNEGIE PA              02/20",-51.99,DEBIT_CARD,9314.37,,
DEBIT,02/20/2026,"BOBBY RAHAL BMW CANONSBURG PA        152560  02/20",-106.75,DEBIT_CARD,9366.36,,
DEBIT,02/20/2026,"ADVS ED SERV PPD STUDNTLOAN                 PPD ID: 9102001101",-660.76,ACH_DEBIT,9473.11,,
DEBIT,02/20/2026,"WOOFLES PREMIER PET R 412-249-8201 PA        02/19",-36.00,DEBIT_CARD,10133.87,,
DEBIT,02/20/2026,"BJS WHOLESALE #388 BRIDGEVILLE PA            02/19",-157.66,DEBIT_CARD,10169.87,,
CREDIT,02/20/2026,"Online Transfer from CHK ...0459 transaction#: 28143878000",108.00,ACCT_XFER,10327.53,,
DEBIT,02/19/2026,"Netflix.com netflix.com CA                   02/19",-26.74,DEBIT_CARD,10219.53,,
DEBIT,02/19/2026,"TRACTOR SUPPLY   ONLINE PMT 601938573400596 WEB ID: CITICTP",-618.96,ACH_DEBIT,10246.27,,
DEBIT,02/19/2026,"WOOFLES PREMIER PET R 412-249-8201 PA        02/18",-36.00,DEBIT_CARD,10865.23,,
DEBIT,02/19/2026,"CANON HILL VETERINARY 724-7460128 PA         02/18",-1199.50,DEBIT_CARD,10901.23,,
DEBIT,02/19/2026,"SHANTI BLISS WELLNES WWW.SHANTIBLI PA        02/18",-40.00,DEBIT_CARD,12100.73,,
DEBIT,02/18/2026,"GIANT EAGLE #1241 BRIDGEVILLE PA             02/18",-84.76,DEBIT_CARD,12140.73,,
DEBIT,02/18/2026,"WENDYS 2361 BRIDGEVILLE PA                   02/18",-12.78,DEBIT_CARD,12225.49,,
DEBIT,02/18/2026,"ATM WITHDRAWAL                       008981  02/181163 WASH",-1100.00,ATM,12238.27,,
DEBIT,02/18/2026,"TROPICAL SMOOTHIE CAFE 240-3205530 VA        02/17",-10.96,DEBIT_CARD,13338.27,,
DEBIT,02/18/2026,"WOOFLES PREMIER PET R 412-249-8201 PA        02/17",-36.00,DEBIT_CARD,13349.23,,
DEBIT,02/18/2026,"APPLE.COM/BILL 866-712-7753 CA               02/18",-32.07,DEBIT_CARD,13385.23,,
DEBIT,02/18/2026,"GIANT EAGLE #1241 BRIDGEVILLE PA             02/17",-266.83,DEBIT_CARD,13417.30,,
DEBIT,02/18/2026,"PITTSBURGH MOBILE VET 141-25098215 PA        02/17",-1040.95,DEBIT_CARD,13684.13,,
DEBIT,02/17/2026,"NEWREZ-SHELLPOIN ACH PMT                    PPD ID: 6371542226",-2100.27,ACH_DEBIT,14725.08,,
DEBIT,02/17/2026,"PAYPAL           INST XFER  TRADERJACKS     WEB ID: PAYPALSI77",-60.00,ACH_DEBIT,16825.35,,
DEBIT,02/17/2026,"PAYPAL           INST XFER  TRADERJACKS     WEB ID: PAYPALSI77",-140.00,ACH_DEBIT,16885.35,,
DEBIT,02/17/2026,"CHASE CREDIT CRD AUTOPAY                    PPD ID: 4760039224",-168.00,ACH_DEBIT,17025.35,,
DEBIT,02/17/2026,"TRACTOR SUPPLY   AUTO PYMT  721910233980551 WEB ID: CITIAUTFDR",-250.00,MISC_DEBIT,17193.35,,
DEBIT,02/17/2026,"CONNECTED HEALTH WWW.CONNECTED PA            02/17",-477.00,DEBIT_CARD,17443.35,,
DEBIT,02/17/2026,"WOOFLES PREMIER PET R 412-249-8201 PA        02/16",-42.42,DEBIT_CARD,17920.35,,
DEBIT,02/17/2026,"VIOC 060142 WASHINGTON PA                    02/16",-143.06,DEBIT_CARD,17962.77,,
DEBIT,02/17/2026,"BJ'S FUEL #9388 BRIDGEVILLE PA               02/16",-71.90,DEBIT_CARD,18105.83,,
DEBIT,02/17/2026,"KITTRIDGE DERMATOLOGY PITTSBURGH PA          02/16",-135.00,DEBIT_CARD,18177.73,,
DEBIT,02/17/2026,"BJS WHOLESALE #388 BRIDGEVILLE PA            02/15",-112.44,DEBIT_CARD,18312.73,,
DEBIT,02/17/2026,"WOOFLES PREMIER PET R 412-249-8201 PA        02/14",-36.00,DEBIT_CARD,18425.17,,
DEBIT,02/17/2026,"COSTCO WHSE #0332 PITTSBURGH PA              02/14",-306.17,DEBIT_CARD,18461.17,,
DEBIT,02/17/2026,"APPLE.COM/BILL 866-712-7753 CA               02/14",-96.29,DEBIT_CARD,18767.34,,
DEBIT,02/17/2026,"PARKING IN PITTSBURGH 3 PITTSBURGH PA        02/14",-3.00,DEBIT_CARD,18863.63,,
DEBIT,02/17/2026,"Online Transfer to CHK ...4072 transaction#: 28074263635 02/17",-25.00,ACCT_XFER,18866.63,,
DEBIT,02/17/2026,"ROBINSON ANIMAL HOSPI MCKEES ROCKS PA        02/14",-55.40,DEBIT_CARD,18891.63,,
DEBIT,02/17/2026,"APPLE.COM/BILL 866-712-7753 CA               02/14",-23.52,DEBIT_CARD,18947.03,,
DEBIT,02/17/2026,"CHEWY.COM 786-320-7111 FL                    02/15",-59.96,DEBIT_CARD,18970.55,,
DEBIT,02/17/2026,"APPLE.COM/BILL 866-712-7753 CA               02/14",-21.04,DEBIT_CARD,19030.51,,
DEBIT,02/17/2026,"CLUBHOUSE CARDS PITTSBURGH PA                02/13",-64.18,DEBIT_CARD,19051.55,,
DEBIT,02/13/2026,"CVS/PHARMACY #03999 CARNEGIE PA              02/13",-6.50,DEBIT_CARD,19115.73,,
DEBIT,02/13/2026,"BJS WHOLESALE #388 BRIDGEVILLE PA            02/12",-107.91,DEBIT_CARD,19122.23,,
DEBIT,02/13/2026,"WOOFLES PREMIER PET R 412-249-8201 PA        02/12",-71.56,DEBIT_CARD,19230.14,,
DEBIT,02/13/2026,"GOOGLE *YouTubePremi g.co/helppay# CA        02/12",-24.60,DEBIT_CARD,19301.70,,
DEBIT,02/13/2026,"APPLE.COM/BILL 866-712-7753 CA               02/13",-3.20,DEBIT_CARD,19326.30,,
DEBIT,02/13/2026,"AMAZON MKTPL*T50CF1Q Amzn.com/bill WA        02/12",-29.20,DEBIT_CARD,19329.50,,
CREDIT,02/13/2026,"GOOGLE LLC       PAYROLL                    PPD ID: J770493581",77.53,ACH_CREDIT,19358.70,,
CREDIT,02/13/2026,"GOOGLE LLC       PAYROLL                    PPD ID: J770493581",3808.90,ACH_CREDIT,19281.17,,
DEBIT,02/12/2026,"Online Transfer to CHK ...0459 transaction#: 28050584699 02/12",-77.53,ACCT_XFER,15472.27,,
DEBIT,02/12/2026,"NON-CHASE ATM WITHDRAW               357574  02/12160 MILLE",-43.50,ATM,15549.80,,
DEBIT,02/12/2026,"MICROSOFT*REALMS JAVA REDMOND WA             02/12",-8.55,DEBIT_CARD,15593.30,,
CHECK,02/12/2026,"CHECK 101  ",-183.86,CHECK_PAID,15601.85,101,
DEBIT,02/12/2026,"MICROSOFT*REALMS JAVA REDMOND WA             02/12",-8.55,DEBIT_CARD,15785.71,,
DEBIT,02/12/2026,"PEACE OF MIND PSYCHIAT 412-3197866 PA        02/11",-20.00,DEBIT_CARD,15794.26,,
DEBIT,02/12/2026,"DNH*GODADDY 480-505-8855 AZ                  02/11",-52.98,DEBIT_CARD,15814.26,,
DEBIT,02/11/2026,"CONNECTED HEALTH WWW.CONNECTED PA            02/11",-240.00,DEBIT_CARD,15867.24,,
DEBIT,02/11/2026,"WOOFLES PREMIER PET R 412-249-8201 PA        02/10",-37.61,DEBIT_CARD,16107.24,,
DEBIT,02/11/2026,"BJS WHOLESALE #388 BRIDGEVILLE PA            02/10",-90.80,DEBIT_CARD,16144.85,,
DEBIT,02/11/2026,"SUNOCO 0501481601 BRIDGEVILLE PA             02/10",-8.11,DEBIT_CARD,16235.65,,
DEBIT,02/10/2026,"PAYPAL           INST XFER  STEAM GAMES     WEB ID: PAYPALSI77",-25.00,ACH_DEBIT,16243.76,,
DEBIT,02/10/2026,"SOLAR SERVICING  SURE PAY                   PPD ID: CSCSM67178",-220.80,ACH_DEBIT,16268.76,,
DEBIT,02/10/2026,"VENMO *samara padgitt Visa Direct NY         02/10",-50.00,DEBIT_CARD,16489.56,,
DEBIT,02/10/2026,"SOERGEL ORCHARDS WEXFORD PA                  02/09",-70.47,DEBIT_CARD,16539.56,,
DEBIT,02/10/2026,"CONNECTED HEALTH PHARM 724-9334320 PA        02/09",-41.00,DEBIT_CARD,16610.03,,
DEBIT,02/09/2026,"DOMESTIC INCOMING WIRE FEE",-15.00,FEE_TRANSACTION,16651.03,,
DEBIT,02/09/2026,"Online Transfer to CHK ...0459 transaction#: 28008900421 02/09",-261.20,ACCT_XFER,16666.03,,
DEBIT,02/09/2026,"COMCAST-XFINITY  CABLE SVCS                 PPD ID: 0000213249",-40.00,ACH_DEBIT,16927.23,,
DEBIT,02/09/2026,"BMWFINANCIAL SVS BMWFS PYMT                 PPD ID: 1222568977",-760.30,ACH_DEBIT,16967.23,,
DEBIT,02/09/2026,"BJS WHOLESALE #388 BRIDGEVILLE PA            02/08",-165.76,DEBIT_CARD,17727.53,,
DEBIT,02/09/2026,"DUNKIN #356242 412-321-0313 PA               02/08",-18.17,DEBIT_CARD,17893.29,,
DEBIT,02/09/2026,"TST* PLAZA AZTECA - ROB PITTSBURGH PA        02/09",-89.71,DEBIT_CARD,17911.46,,
DEBIT,02/09/2026,"GM Financial     GMF Pymt                   PPD ID: I522190781",-1487.10,ACH_DEBIT,18001.17,,
DEBIT,02/09/2026,"WOOFLES PREMIER PET R 412-249-8201 PA        02/06",-36.00,DEBIT_CARD,19488.27,,
DEBIT,02/09/2026,"GIANT EAGLE #1241 BRIDGEVILLE PA             02/06",-257.64,DEBIT_CARD,19524.27,,
CREDIT,02/09/2026,"Online Transfer from SAV ...9301 transaction#: 27987039908",4000.00,ACCT_XFER,19781.91,,
CREDIT,02/09/2026,"FEDWIRE CREDIT VIA: WELLS FARGO BANK, N.A./121000248 B/O: 1/ADAM BURSEY 3/US/BRIDGEVILLE,15017 2079,PA REF: CHASE NYC/CTR/BNF=ANN BURSEY OR ADAM DREW BURSEY BRIDGEVILLE PA 15017- 2079 US/AC-000009760616 RFB=NOTPROV IDED BBI=/CHGS/USD0,00/CHGS/USD0,00/ACC/9 76061674765 1/ADAM BURSEY 2/CELEBRA TION CIRCLE,1 IMAD: 0209I1B7031R008361 TRN: 0553971040FF",15781.91,WIRE_INCOMING,15781.91,,
CHECK,02/06/2026,"CHECK 142  ",-185.21,CHECK_PAID,0.00,142,
DEBIT,02/06/2026,"PAYPAL           INST XFER  SWEETHERBME SWE WEB ID: PAYPALSI77",-69.00,ACH_DEBIT,185.21,,
DEBIT,02/06/2026,"CVS/PHARMACY #03999 CARNEGIE PA              02/06",-10.00,DEBIT_CARD,254.21,,
DEBIT,02/06/2026,"Online Payment 27622361022 To Washington Financial Bank 02/06",-6345.06,BILLPAY,264.21,,
DEBIT,02/06/2026,"WOOFLES PREMIER PET R 412-249-8201 PA        02/05",-36.00,DEBIT_CARD,6609.27,,
DEBIT,02/06/2026,"DUNKIN' MOBILE 800-447-0013 MA               02/05",-5.00,DEBIT_CARD,6645.27,,
DEBIT,02/06/2026,"BJ'S FUEL #9388 BRIDGEVILLE PA               02/05",-82.24,DEBIT_CARD,6650.27,,
CREDIT,02/06/2026,"Online Transfer from SAV ...9301 transaction#: 27973258385",2000.00,ACCT_XFER,6732.51,,
CREDIT,02/06/2026,"ODP TRANSFER FROM SAVINGS ...9301",1134.78,MISC_CREDIT,4732.51,,
CHECK,02/05/2026,"CHECK 141  ",-10.80,CHECK_PAID,3597.73,141,
DEBIT,02/05/2026,"JFI*PREMIER MARTIAL AR justifi.ai PA         02/05",-194.00,DEBIT_CARD,3608.53,,
DEBIT,02/05/2026,"Online Transfer to  CHK ...4072 transaction#: 27629853221 02/05",-500.00,ACCT_XFER,3802.53,,
DEBIT,02/05/2026,"Online Transfer to  CHK ...0459 transaction#: 27529641505 02/05",-500.00,ACCT_XFER,4302.53,,
DEBIT,02/05/2026,"WOOFLES PREMIER PET R 412-249-8201 PA        02/04",-36.00,DEBIT_CARD,4802.53,,
DEBIT,02/05/2026,"GIANT EAGLE #1241 BRIDGEVILLE PA             02/04",-306.24,DEBIT_CARD,4838.53,,
DEBIT,02/05/2026,"PEACE OF MIND PSYCHIAT 412-3197866 PA        02/04",-60.00,DEBIT_CARD,5144.77,,
DEBIT,02/04/2026,"SHANTI BLISS WELLNES WWW.SHANTIBLI PA        02/04",-20.00,DEBIT_CARD,5204.77,,
DEBIT,02/04/2026,"Online Payment 27587702987 To Northwest 02/04",-200.00,BILLPAY,5224.77,,
DEBIT,02/04/2026,"WOOFLES PREMIER PET R 412-249-8201 PA        02/03",-44.35,DEBIT_CARD,5424.77,,
DEBIT,02/04/2026,"CVS/PHARMACY #03999 CARNEGIE PA              02/03",-14.10,DEBIT_CARD,5469.12,,
DEBIT,02/04/2026,"WHOLEFDS SHL #10242 UPPER SAINT C PA         02/03",-133.79,DEBIT_CARD,5483.22,,
DEBIT,02/04/2026,"AMAZON MKTPL*XR3MS7T Amzn.com/bill WA        02/03",-53.56,DEBIT_CARD,5617.01,,
DEBIT,02/04/2026,"Amazon.com*5G8DW5BF3 Amzn.com/bill WA        02/03",-28.96,DEBIT_CARD,5670.57,,
DEBIT,02/03/2026,"APPLE.COM/BILL 866-712-7753 CA               02/03",-5.34,DEBIT_CARD,5699.53,,
DEBIT,02/03/2026,"APPLE.COM/BILL 866-712-7753 CA               02/03",-10.69,DEBIT_CARD,5704.87,,
DEBIT,02/03/2026,"APPLE.COM/BILL 866-712-7753 CA               02/03",-53.49,DEBIT_CARD,5715.56,,
DEBIT,02/03/2026,"APPLE.COM/BILL 866-712-7753 CA               02/03",-21.39,DEBIT_CARD,5769.05,,
DEBIT,02/03/2026,"WOOFLES PREMIER PET R 412-249-8201 PA        02/02",-36.00,DEBIT_CARD,5790.44,,
DEBIT,02/03/2026,"SALLY BEAUTY #0493 BRIDGEVILLE PA            02/02",-13.90,DEBIT_CARD,5826.44,,
DEBIT,02/03/2026,"CANON HILL VETERINARY 724-7460128 PA         02/02",-75.00,DEBIT_CARD,5840.34,,
DEBIT,02/03/2026,"Amazon.com*5I1FQ9KZ3 Amzn.com/bill WA        02/02",-30.81,DEBIT_CARD,5915.34,,
DEBIT,02/03/2026,"IPHONE CITIZ*PMT 16 OF 888-2016306 CT        02/02",-62.41,DEBIT_CARD,5946.15,,
DEBIT,02/02/2026,"Online Payment 27509558329 To Northwest 02/02",-200.00,BILLPAY,6008.56,,
DEBIT,02/02/2026,"VERIZON*RECURRING PAY 800-VERIZON FL         02/02",-89.99,DEBIT_CARD,6208.56,,
DEBIT,02/02/2026,"APPLECARD GSBANK PAYMENT    466580          WEB ID: 9999999999",-38.00,ACH_DEBIT,6298.55,,
DEBIT,02/02/2026,"BJS WHOLESALE #388 BRIDGEVILLE PA            02/01",-133.67,DEBIT_CARD,6336.55,,
DEBIT,02/02/2026,"APPLE.COM/BILL 866-712-7753 CA               02/01",-10.69,DEBIT_CARD,6470.22,,
DEBIT,02/02/2026,"DUNKIN #356242 412-321-0313 PA               02/01",-4.34,DEBIT_CARD,6480.91,,
DEBIT,02/02/2026,"BRILLIANT.ORG - EDU BRILLIANT.ORG CA         01/31",-29.95,DEBIT_CARD,6485.25,,
DEBIT,02/02/2026,"BRILLIANT.ORG - EDU BRILLIANT.ORG CA         01/31",-29.95,DEBIT_CARD,6515.20,,
DEBIT,02/02/2026,"THE ORIGINAL PANCAKE H PITTSBURGH PA         01/31",-55.14,DEBIT_CARD,6545.15,,
DEBIT,02/02/2026,"DUNKIN #356242 412-321-0313 PA               01/31",-4.34,DEBIT_CARD,6600.29,,
DEBIT,02/02/2026,"FirstEnergy      OPCO-ACH                   PPD ID: 1341968288",-509.58,ACH_DEBIT,6604.63,,
DEBIT,02/02/2026,"CHEWY.COM 786-320-7111 FL                    02/01",-59.96,DEBIT_CARD,7114.21,,
DEBIT,02/02/2026,"TROPICAL SMOOTHIE CAFE 312-5432155 PA        01/30",-11.43,DEBIT_CARD,7174.17,,
DEBIT,02/02/2026,"APPLE.COM/BILL 866-712-7753 CA               01/30",-5.34,DEBIT_CARD,7185.60,,
CREDIT,02/02/2026,"Online Transfer from CHK ...0459 transaction#: 27925295421",108.00,ACCT_XFER,7190.94,,
